<?xml version="1.0" encoding="UTF-8"?>
<!DOCTYPE html PUBLIC "-//W3C//DTD XHTML 1.0 Transitional//EN"
    "http://www.w3.org/TR/xhtml1/DTD/xhtml1-transitional.dtd">
<html xmlns="http://www.w3.org/1999/xhtml" xml:lang="en" lang="en">
 <head>
  <title>
</title>
<meta http-equiv="Content-Type" content="text/html;charset=utf-8" />
  <meta name='ocr-system' content='tesseract 3.04.00' />
  <meta name='ocr-capabilities' content='ocr_page ocr_carea ocr_par ocr_line ocrx_word'/>
</head>
<body>
  <div class='ocr_page' id='page_1' title='image "./xenophontoslogos00xeno_0368.png"; bbox 0 0 2021 3825; ppageno 0'>
   <div class='ocr_carea' id='block_1_1' title="bbox 245 220 1391 317">
    <p class='ocr_par' dir='ltr' id='par_1_1' title="bbox 245 220 1391 317">
     <span class='ocr_line' id='line_1_1' title="bbox 245 220 1391 317; baseline 0 -24"><span class='ocrx_word' id='word_1_1' title='bbox 245 222 377 317; x_wconf 64' lang='lat'>35³2</span> <span class='ocrx_word' id='word_1_2' title='bbox 783 220 1391 293; x_wconf 89' lang='lat' dir='ltr'><strong>NOTAE.</strong></span> 
     </span>
    </p>
   </div>
   <div class='ocr_carea' id='block_1_2' title="bbox 231 368 1977 3454">
    <p class='ocr_par' dir='ltr' id='par_1_2' title="bbox 309 368 1673 437">
     <span class='ocr_line' id='line_1_2' title="bbox 309 368 1673 437; baseline 0.002 -17"><span class='ocrx_word' id='word_1_3' title='bbox 309 371 435 422; x_wconf 88' lang='lat' dir='ltr'><strong>Ibid.</strong></span> <span class='ocrx_word' id='word_1_4' title='bbox 472 368 604 421; x_wconf 71' lang='grc' dir='ltr'><strong><em>Κσιπὲ</em></strong></span> <span class='ocrx_word' id='word_1_5' title='bbox 625 371 683 419; x_wconf 66' lang='grc' dir='ltr'>τὰ</span> <span class='ocrx_word' id='word_1_6' title='bbox 707 371 868 437; x_wconf 54' lang='lat' dir='ltr'>wuda]</span> <span class='ocrx_word' id='word_1_7' title='bbox 905 372 1067 420; x_wconf 85' lang='lat' dir='ltr'>Portus</span> <span class='ocrx_word' id='word_1_8' title='bbox 1089 370 1255 431; x_wconf 88' lang='lat' dir='ltr'>reddit,</span> <span class='ocrx_word' id='word_1_9' title='bbox 1291 370 1322 418; x_wconf 57' lang='lat' dir='ltr'>a*</span> <span class='ocrx_word' id='word_1_10' title='bbox 1345 372 1485 420; x_wconf 83' lang='lat' dir='ltr'>latere</span> <span class='ocrx_word' id='word_1_11' title='bbox 1508 382 1673 437; x_wconf 84' lang='lat' dir='ltr'>aperto.</span> 
     </span>
    </p>

    <p class='ocr_par' dir='ltr' id='par_1_3' title="bbox 240 438 1922 569">
     <span class='ocr_line' id='line_1_3' title="bbox 312 438 1922 516; baseline 0.002 -30"><span class='ocrx_word' id='word_1_12' title='bbox 312 440 432 488; x_wconf 87' lang='lat' dir='ltr'>Ibid.</span> <span class='ocrx_word' id='word_1_13' title='bbox 468 443 528 487; x_wconf 76' lang='grc' dir='ltr'><strong>Τὸ</strong></span> <span class='ocrx_word' id='word_1_14' title='bbox 551 438 725 501; x_wconf 41' lang='lat' dir='ltr'>lissam]</span> <span class='ocrx_word' id='word_1_15' title='bbox 753 440 937 516; x_wconf 61' lang='grc' dir='ltr'>ᾼὲῐηεη</span> <span class='ocrx_word' id='word_1_16' title='bbox 962 440 1166 503; x_wconf 87' lang='lat' dir='ltr'>peditum</span> <span class='ocrx_word' id='word_1_17' title='bbox 1188 444 1230 487; x_wconf 76' lang='grc' dir='ltr'>δε</span> <span class='ocrx_word' id='word_1_18' title='bbox 1253 441 1476 505; x_wconf 90' lang='lat' dir='ltr'>equitum,</span> <span class='ocrx_word' id='word_1_19' title='bbox 1502 441 1628 506; x_wconf 90' lang='lat' dir='ltr'>quod</span> <span class='ocrx_word' id='word_1_20' title='bbox 1651 441 1816 490; x_wconf 86' lang='lat' dir='ltr'>ducem</span> <span class='ocrx_word' id='word_1_21' title='bbox 1839 445 1922 491; x_wconf 81' lang='lat' dir='ltr'>an-&#39;</span> 
     </span>
     <span class='ocr_line' id='line_1_4' title="bbox 240 506 1171 569; baseline 0 -13"><span class='ocrx_word' id='word_1_22' title='bbox 240 506 408 556; x_wconf 80' lang='lat' dir='ltr'>tiebat:</span> <span class='ocrx_word' id='word_1_23' title='bbox 445 507 520 555; x_wconf 87' lang='lat' dir='ltr'>seu</span> <span class='ocrx_word' id='word_1_24' title='bbox 546 518 692 554; x_wconf 89' lang='lat' dir='ltr'>turma</span> <span class='ocrx_word' id='word_1_25' title='bbox 714 507 871 569; x_wconf 84' lang='lat' dir='ltr'>primae</span> <span class='ocrx_word' id='word_1_26' title='bbox 897 507 1066 556; x_wconf 83' lang='lat' dir='ltr'><strong>Morae.</strong></span> <span class='ocrx_word' id='word_1_27' title='bbox 1112 511 1171 556; x_wconf 88' lang='lat' dir='ltr'>P.</span> 
     </span>
    </p>

    <p class='ocr_par' dir='ltr' id='par_1_4' title="bbox 307 569 1372 639">
     <span class='ocr_line' id='line_1_5' title="bbox 307 569 1372 639; baseline -0.001 -17"><span class='ocrx_word' id='word_1_28' title='bbox 307 575 359 624; x_wconf 90' lang='lat' dir='ltr'>P.</span> <span class='ocrx_word' id='word_1_29' title='bbox 381 591 491 637; x_wconf 87' lang='lat'>213.</span> <span class='ocrx_word' id='word_1_30' title='bbox 531 571 662 637; x_wconf 64' lang='grc' dir='ltr'><strong><em>Ποιρφ</em></strong></span> <span class='ocrx_word' id='word_1_31' title='bbox 684 569 795 639; x_wconf 56' lang='lat' dir='ltr'>hev]</span> <span class='ocrx_word' id='word_1_32' title='bbox 837 575 879 621; x_wconf 93' lang='grc' dir='ltr'>Ι.</span> <span class='ocrx_word' id='word_1_33' title='bbox 901 590 940 632; x_wconf 88' lang='lat' dir='ltr'>e.</span> <span class='ocrx_word' id='word_1_34' title='bbox 976 573 1125 621; x_wconf 88' lang='lat' dir='ltr'>versus</span> <span class='ocrx_word' id='word_1_35' title='bbox 1150 573 1372 623; x_wconf 84' lang='lat' dir='ltr'><strong>dextram.</strong></span> 
     </span>
    </p>

    <p class='ocr_par' dir='ltr' id='par_1_5' title="bbox 237 640 1918 768">
     <span class='ocr_line' id='line_1_6' title="bbox 307 640 1918 704; baseline 0.002 -15"><span class='ocrx_word' id='word_1_36' title='bbox 307 642 359 690; x_wconf 91' lang='grc' dir='ltr'><strong>Ρ</strong></span> <span class='ocrx_word' id='word_1_37' title='bbox 379 658 491 704; x_wconf 89' lang='lat'>214.</span> <span class='ocrx_word' id='word_1_38' title='bbox 527 645 645 689; x_wconf 60' lang='lat' dir='ltr'><strong>Amic.</strong></span> <span class='ocrx_word' id='word_1_39' title='bbox 669 640 821 702; x_wconf 71' lang='grc' dir='ltr'><strong><em>φίλων]</em></strong></span> <span class='ocrx_word' id='word_1_40' title='bbox 859 640 907 687; x_wconf 82' lang='grc' dir='ltr'>8ἰ</span> <span class='ocrx_word' id='word_1_41' title='bbox 932 641 1034 703; x_wconf 83' lang='lat' dir='ltr'>quis</span> <span class='ocrx_word' id='word_1_42' title='bbox 1064 640 1186 688; x_wconf 83' lang='lat' dir='ltr'>exire</span> <span class='ocrx_word' id='word_1_43' title='bbox 1214 641 1378 700; x_wconf 84' lang='lat' dir='ltr'>castris,</span> <span class='ocrx_word' id='word_1_44' title='bbox 1413 644 1455 688; x_wconf 76' lang='grc' dir='ltr'>δε</span> <span class='ocrx_word' id='word_1_45' title='bbox 1478 641 1537 689; x_wconf 88' lang='lat' dir='ltr'>ad</span> <span class='ocrx_word' id='word_1_46' title='bbox 1561 640 1705 692; x_wconf 88' lang='lat' dir='ltr'>hostes</span> <span class='ocrx_word' id='word_1_47' title='bbox 1738 643 1918 694; x_wconf 77' lang='lat' dir='ltr'>transire</span> 
     </span>
     <span class='ocr_line' id='line_1_7' title="bbox 237 708 1353 768; baseline -0.003 -11"><span class='ocrx_word' id='word_1_48' title='bbox 237 721 444 768; x_wconf 90' lang='lat' dir='ltr'>conetur,</span> <span class='ocrx_word' id='word_1_49' title='bbox 479 708 552 755; x_wconf 90' lang='lat' dir='ltr'>vel</span> <span class='ocrx_word' id='word_1_50' title='bbox 578 720 701 755; x_wconf 86' lang='lat' dir='ltr'>extra</span> <span class='ocrx_word' id='word_1_51' title='bbox 724 708 904 755; x_wconf 89' lang='lat' dir='ltr'><strong>ordines</strong></span> <span class='ocrx_word' id='word_1_52' title='bbox 924 717 1129 766; x_wconf 86' lang='lat' dir='ltr'>vagetur,</span> <span class='ocrx_word' id='word_1_53' title='bbox 1164 711 1247 754; x_wconf 71' lang='grc' dir='ltr'>ὅτε.</span> <span class='ocrx_word' id='word_1_54' title='bbox 1295 708 1353 756; x_wconf 89' lang='lat' dir='ltr'>P.</span> 
     </span>
    </p>

    <p class='ocr_par' dir='ltr' id='par_1_6' title="bbox 235 773 1977 1379">
     <span class='ocr_line' id='line_1_8' title="bbox 307 773 1920 852; baseline 0.002 -28"><span class='ocrx_word' id='word_1_55' title='bbox 307 777 427 824; x_wconf 88' lang='lat' dir='ltr'>Ibid,</span> <span class='ocrx_word' id='word_1_56' title='bbox 462 773 553 824; x_wconf 76' lang='grc' dir='ltr'>Υπο</span> <span class='ocrx_word' id='word_1_57' title='bbox 589 776 823 837; x_wconf 58' lang='grc' dir='ltr'>Σκιμτῶν]</span> <span class='ocrx_word' id='word_1_58' title='bbox 871 774 1026 852; x_wconf 62' lang='lat' dir='ltr'>Hujus</span> <span class='ocrx_word' id='word_1_59' title='bbox 1061 774 1262 821; x_wconf 68' lang='lat' dir='ltr'>distincta</span> <span class='ocrx_word' id='word_1_60' title='bbox 1297 773 1486 822; x_wconf 74' lang='lat' dir='ltr'>omnino</span> <span class='ocrx_word' id='word_1_61' title='bbox 1524 776 1683 825; x_wconf 88' lang='lat' dir='ltr'>militia</span> <span class='ocrx_word' id='word_1_62' title='bbox 1717 789 1827 838; x_wconf 88' lang='lat' dir='ltr'>erat,</span> <span class='ocrx_word' id='word_1_63' title='bbox 1875 782 1920 827; x_wconf 73' lang='grc' dir='ltr'>ἅτ</span> 
     </span>
     <span class='ocr_line' id='line_1_9' title="bbox 237 841 1919 907; baseline 0.002 -16"><span class='ocrx_word' id='word_1_64' title='bbox 237 844 355 891; x_wconf 87' lang='lat' dir='ltr'>circa</span> <span class='ocrx_word' id='word_1_65' title='bbox 378 860 531 903; x_wconf 88' lang='lat' dir='ltr'>regem</span> <span class='ocrx_word' id='word_1_66' title='bbox 556 843 708 902; x_wconf 88' lang='lat' dir='ltr'>stabat,</span> <span class='ocrx_word' id='word_1_67' title='bbox 741 855 873 907; x_wconf 88' lang='lat' dir='ltr'>atque</span> <span class='ocrx_word' id='word_1_68' title='bbox 896 843 944 889; x_wconf 86' lang='lat' dir='ltr'>in</span> <span class='ocrx_word' id='word_1_69' title='bbox 967 842 1135 905; x_wconf 89' lang='lat' dir='ltr'>praelio</span> <span class='ocrx_word' id='word_1_70' title='bbox 1145 841 1444 890; x_wconf 87' lang='lat' dir='ltr'>laborantibus</span> <span class='ocrx_word' id='word_1_71' title='bbox 1468 843 1766 905; x_wconf 87' lang='lat' dir='ltr'>succurrebat,</span> <span class='ocrx_word' id='word_1_72' title='bbox 1799 859 1919 895; x_wconf 87' lang='lat' dir='ltr'>erat-</span> 
     </span>
     <span class='ocr_line' id='line_1_10' title="bbox 236 908 1917 976; baseline -0.001 -18"><span class='ocrx_word' id='word_1_73' title='bbox 236 929 326 975; x_wconf 86' lang='lat' dir='ltr'>que</span> <span class='ocrx_word' id='word_1_74' title='bbox 364 928 421 959; x_wconf 81' lang='lat' dir='ltr'>ex</span> <span class='ocrx_word' id='word_1_75' title='bbox 458 910 599 957; x_wconf 88' lang='lat' dir='ltr'>milite</span> <span class='ocrx_word' id='word_1_76' title='bbox 634 910 811 969; x_wconf 60' lang='lat' dir='ltr'>selecto,</span> <span class='ocrx_word' id='word_1_77' title='bbox 853 921 905 957; x_wconf 92' lang='lat' dir='ltr'>ut</span> <span class='ocrx_word' id='word_1_78' title='bbox 935 909 1052 956; x_wconf 88' lang='lat' dir='ltr'>clare</span> <span class='ocrx_word' id='word_1_79' title='bbox 1092 908 1227 957; x_wconf 89' lang='lat' dir='ltr'>docet</span> <span class='ocrx_word' id='word_1_80' title='bbox 1263 909 1441 956; x_wconf 86' lang='lat' dir='ltr'><strong>Diodor.</strong></span> <span class='ocrx_word' id='word_1_81' title='bbox 1476 911 1561 958; x_wconf 85' lang='lat' dir='ltr'><strong>Sic.</strong></span> <span class='ocrx_word' id='word_1_82' title='bbox 1595 929 1639 975; x_wconf 91' lang='lat' dir='ltr'>p.</span> <span class='ocrx_word' id='word_1_83' title='bbox 1656 929 1769 976; x_wconf 86' lang='lat'><strong>473.</strong></span> <span class='ocrx_word' id='word_1_84' title='bbox 1806 913 1917 961; x_wconf 80' lang='lat' dir='ltr'>edit.</span> 
     </span>
     <span class='ocr_line' id='line_1_11' title="bbox 235 973 1918 1063; baseline 0.002 -38"><span class='ocrx_word' id='word_1_85' title='bbox 235 979 383 1062; x_wconf 52' lang='lat' dir='ltr'><strong>Sfeph.</strong></span> <span class='ocrx_word' id='word_1_86' title='bbox 440 978 689 1026; x_wconf 86' lang='lat' dir='ltr'>Dicebatur</span> <span class='ocrx_word' id='word_1_87' title='bbox 722 973 926 1037; x_wconf 65' lang='lat' dir='ltr'>Emestme</span> <span class='ocrx_word' id='word_1_88' title='bbox 960 996 985 1025; x_wconf 90' lang='lat' dir='ltr'>a</span> <span class='ocrx_word' id='word_1_89' title='bbox 1019 977 1145 1023; x_wconf 90' lang='lat' dir='ltr'>Sciro</span> <span class='ocrx_word' id='word_1_90' title='bbox 1178 976 1405 1035; x_wconf 75' lang='lat' dir='ltr'>Arcadiae,</span> <span class='ocrx_word' id='word_1_91' title='bbox 1441 976 1563 1025; x_wconf 91' lang='lat' dir='ltr'>unde</span> <span class='ocrx_word' id='word_1_92' title='bbox 1591 980 1824 1063; x_wconf 80' lang='lat' dir='ltr'>Hesychius</span> <span class='ocrx_word' id='word_1_93' title='bbox 1855 981 1918 1029; x_wconf 88' lang='lat' dir='ltr'>ait</span> 
     </span>
     <span class='ocr_line' id='line_1_12' title="bbox 235 1041 1977 1111; baseline 0.001 -17"><span class='ocrx_word' id='word_1_94' title='bbox 235 1047 349 1110; x_wconf 55' lang='grc' dir='ltr'><em>λάρον</em></span> <span class='ocrx_word' id='word_1_95' title='bbox 373 1046 503 1094; x_wconf 90' lang='lat' dir='ltr'>illum</span> <span class='ocrx_word' id='word_1_96' title='bbox 530 1045 656 1092; x_wconf 84' lang='lat' dir='ltr'>fuiffe</span> <span class='ocrx_word' id='word_1_97' title='bbox 680 1041 927 1111; x_wconf 62' lang='grc' dir='ltr'><em>Αξιφιῶκέν.</em></span> <span class='ocrx_word' id='word_1_98' title='bbox 980 1045 1123 1106; x_wconf 88' lang='lat' dir='ltr'>Cujus</span> <span class='ocrx_word' id='word_1_99' title='bbox 1155 1044 1253 1091; x_wconf 87' lang='lat' dir='ltr'>haec</span> <span class='ocrx_word' id='word_1_100' title='bbox 1285 1043 1382 1091; x_wconf 89' lang='lat' dir='ltr'>sunt</span> <span class='ocrx_word' id='word_1_101' title='bbox 1404 1044 1570 1092; x_wconf 85' lang='lat' dir='ltr'>verba:</span> <span class='ocrx_word' id='word_1_102' title='bbox 1609 1043 1812 1105; x_wconf 55' lang='grc' dir='ltr'>Σκιώνης</span> <span class='ocrx_word' id='word_1_103' title='bbox 1838 1050 1915 1096; x_wconf 74' lang='grc' dir='ltr'>λα’-</span> <span class='ocrx_word' id='word_1_104' title='bbox 1974 1044 1977 1046; x_wconf 66' lang='grc'><strong>’</strong></span> 
     </span>
     <span class='ocr_line' id='line_1_13' title="bbox 236 1107 1917 1178; baseline 0.001 -18"><span class='ocrx_word' id='word_1_105' title='bbox 236 1122 336 1175; x_wconf 62' lang='lat'>74&amp;</span> <span class='ocrx_word' id='word_1_106' title='bbox 358 1112 461 1160; x_wconf 59' lang='grc' dir='ltr'>οὕτω</span> <span class='ocrx_word' id='word_1_107' title='bbox 484 1110 744 1178; x_wconf 58' lang='grc' dir='ltr'>κριλούμῖμος,</span> <span class='ocrx_word' id='word_1_108' title='bbox 781 1115 799 1160; x_wconf 80' lang='grc' dir='ltr'><strong>ὅ</strong></span> <span class='ocrx_word' id='word_1_109' title='bbox 824 1108 1160 1164; x_wconf 54' lang='grc' dir='ltr'>ωϋκινῖυνοῧων·</span> <span class='ocrx_word' id='word_1_110' title='bbox 1197 1118 1235 1164; x_wconf 71' lang='grc' dir='ltr'>ἦν</span> <span class='ocrx_word' id='word_1_111' title='bbox 1265 1107 1314 1158; x_wconf 42' lang='lat' dir='ltr'>d?</span> <span class='ocrx_word' id='word_1_112' title='bbox 1336 1122 1375 1159; x_wconf 88' lang='lat' dir='ltr'>A</span> <span class='ocrx_word' id='word_1_113' title='bbox 1378 1109 1584 1176; x_wconf 59' lang='grc' dir='ltr'>ξιφιῶχςς.</span> <span class='ocrx_word' id='word_1_114' title='bbox 1637 1115 1743 1162; x_wconf 84' lang='lat' dir='ltr'>Fuit</span> <span class='ocrx_word' id='word_1_115' title='bbox 1766 1127 1917 1164; x_wconf 85' lang='lat' dir='ltr'>autem</span> 
     </span>
     <span class='ocr_line' id='line_1_14' title="bbox 236 1178 1918 1243; baseline 0.001 -15"><span class='ocrx_word' id='word_1_116' title='bbox 236 1181 403 1228; x_wconf 88' lang='lat' dir='ltr'>horum</span> <span class='ocrx_word' id='word_1_117' title='bbox 429 1181 686 1228; x_wconf 88' lang='lat' dir='ltr'>Sciritarum</span> <span class='ocrx_word' id='word_1_118' title='bbox 716 1180 765 1228; x_wconf 89' lang='lat' dir='ltr'>id</span> <span class='ocrx_word' id='word_1_119' title='bbox 797 1179 1038 1243; x_wconf 83' lang='lat' dir='ltr'>peculiare,</span> <span class='ocrx_word' id='word_1_120' title='bbox 1075 1191 1125 1226; x_wconf 90' lang='lat' dir='ltr'>ut</span> <span class='ocrx_word' id='word_1_121' title='bbox 1147 1178 1319 1243; x_wconf 88' lang='lat' dir='ltr'>semper</span> <span class='ocrx_word' id='word_1_122' title='bbox 1350 1179 1567 1227; x_wconf 68' lang='lat' dir='ltr'>finisti-um</span> <span class='ocrx_word' id='word_1_123' title='bbox 1592 1196 1733 1229; x_wconf 90' lang='lat' dir='ltr'>cornu</span> <span class='ocrx_word' id='word_1_124' title='bbox 1761 1181 1809 1227; x_wconf 91' lang='lat' dir='ltr'>in</span> <span class='ocrx_word' id='word_1_125' title='bbox 1836 1199 1918 1235; x_wconf 84' lang='lat' dir='ltr'><strong>ex·-</strong></span> 
     </span>
     <span class='ocr_line' id='line_1_15' title="bbox 237 1246 1915 1311; baseline 0.002 -16"><span class='ocrx_word' id='word_1_126' title='bbox 237 1250 381 1296; x_wconf 88' lang='lat' dir='ltr'>ercitu</span> <span class='ocrx_word' id='word_1_127' title='bbox 417 1259 631 1295; x_wconf 92' lang='lat' dir='ltr'>tenerent.</span> <span class='ocrx_word' id='word_1_128' title='bbox 697 1247 822 1297; x_wconf 87' lang='lat' dir='ltr'>Vide</span> <span class='ocrx_word' id='word_1_129' title='bbox 857 1246 1044 1311; x_wconf 76' lang='lat' dir='ltr'><strong>Thucyd.</strong></span> <span class='ocrx_word' id='word_1_130' title='bbox 1072 1246 1150 1294; x_wconf 90' lang='lat' dir='ltr'><strong>lib.</strong></span> <span class='ocrx_word' id='word_1_131' title='bbox 1171 1264 1216 1311; x_wconf 80' lang='grc' dir='ltr'>ς.</span> <span class='ocrx_word' id='word_1_132' title='bbox 1254 1256 1310 1294; x_wconf 84' lang='lat' dir='ltr'>K.</span> <span class='ocrx_word' id='word_1_133' title='bbox 1332 1256 1386 1294; x_wconf 89' lang='grc' dir='ltr'>Π.</span> <span class='ocrx_word' id='word_1_134' title='bbox 1421 1246 1566 1311; x_wconf 88' lang='lat' dir='ltr'><strong>lib.4.</strong></span> <span class='ocrx_word' id='word_1_135' title='bbox 1604 1248 1711 1295; x_wconf 87' lang='lat' dir='ltr'>edit.</span> <span class='ocrx_word' id='word_1_136' title='bbox 1746 1248 1915 1299; x_wconf 85' lang='lat' dir='ltr'><strong>Hutch.</strong></span> 
     </span>
     <span class='ocr_line' id='line_1_16' title="bbox 239 1315 901 1379; baseline -0.002 -16"><span class='ocrx_word' id='word_1_137' title='bbox 239 1317 377 1377; x_wconf 86' lang='lat' dir='ltr'><strong>Crag.</strong></span> <span class='ocrx_word' id='word_1_138' title='bbox 405 1315 463 1362; x_wconf 93' lang='lat' dir='ltr'>de</span> <span class='ocrx_word' id='word_1_139' title='bbox 487 1317 547 1363; x_wconf 91' lang='lat' dir='ltr'>R.</span> <span class='ocrx_word' id='word_1_140' title='bbox 571 1316 627 1363; x_wconf 93' lang='lat' dir='ltr'>L.</span> <span class='ocrx_word' id='word_1_141' title='bbox 664 1316 694 1364; x_wconf 90' lang='lat' dir='ltr'>l.</span> <span class='ocrx_word' id='word_1_142' title='bbox 711 1331 761 1379; x_wconf 90' lang='lat'>4.</span> <span class='ocrx_word' id='word_1_143' title='bbox 797 1333 838 1362; x_wconf 92' lang='lat' dir='ltr'>c.</span> <span class='ocrx_word' id='word_1_144' title='bbox 856 1331 901 1377; x_wconf 89' lang='lat'>4.</span> 
     </span>
    </p>

    <p class='ocr_par' dir='ltr' id='par_1_7' title="bbox 233 1380 1915 1515">
     <span class='ocr_line' id='line_1_17' title="bbox 305 1380 1915 1449; baseline 0 -18"><span class='ocrx_word' id='word_1_145' title='bbox 305 1385 357 1431; x_wconf 89' lang='lat' dir='ltr'>P.</span> <span class='ocrx_word' id='word_1_146' title='bbox 377 1383 491 1432; x_wconf 84' lang='lat'><strong>216.</strong></span> <span class='ocrx_word' id='word_1_147' title='bbox 526 1383 779 1449; x_wconf 71' lang='grc' dir='ltr'>Πςόσκοπυν]</span> <span class='ocrx_word' id='word_1_148' title='bbox 815 1381 1151 1446; x_wconf 86' lang='lat' dir='ltr'>Speculatorem</span> <span class='ocrx_word' id='word_1_149' title='bbox 1178 1381 1421 1434; x_wconf 80' lang='lat' dir='ltr'>dimittant,</span> <span class='ocrx_word' id='word_1_150' title='bbox 1456 1380 1515 1431; x_wconf 69' lang='lat' dir='ltr'>ne</span> <span class='ocrx_word' id='word_1_151' title='bbox 1543 1381 1688 1431; x_wconf 87' lang='lat' dir='ltr'>hostes</span> <span class='ocrx_word' id='word_1_152' title='bbox 1721 1400 1915 1448; x_wconf 85' lang='lat' dir='ltr'>occupa-</span> 
     </span>
     <span class='ocr_line' id='line_1_18' title="bbox 233 1450 1310 1515; baseline -0.002 -16"><span class='ocrx_word' id='word_1_153' title='bbox 233 1461 305 1499; x_wconf 85' lang='lat' dir='ltr'>tos</span> <span class='ocrx_word' id='word_1_154' title='bbox 329 1452 376 1498; x_wconf 91' lang='lat' dir='ltr'>in</span> <span class='ocrx_word' id='word_1_155' title='bbox 399 1450 588 1515; x_wconf 90' lang='lat' dir='ltr'>prandio</span> <span class='ocrx_word' id='word_1_156' title='bbox 613 1451 812 1515; x_wconf 89' lang='lat' dir='ltr'>parando</span> <span class='ocrx_word' id='word_1_157' title='bbox 837 1467 915 1497; x_wconf 85' lang='lat' dir='ltr'>eos</span> <span class='ocrx_word' id='word_1_158' title='bbox 938 1451 1209 1513; x_wconf 85' lang='lat' dir='ltr'>opprimant.</span> <span class='ocrx_word' id='word_1_159' title='bbox 1254 1451 1310 1497; x_wconf 88' lang='lat' dir='ltr'>P.</span> 
     </span>
    </p>

    <p class='ocr_par' dir='ltr' id='par_1_8' title="bbox 242 1515 1914 1649">
     <span class='ocr_line' id='line_1_19' title="bbox 305 1515 1914 1582; baseline 0 -16"><span class='ocrx_word' id='word_1_160' title='bbox 305 1519 356 1568; x_wconf 91' lang='lat' dir='ltr'>P.</span> <span class='ocrx_word' id='word_1_161' title='bbox 377 1535 489 1581; x_wconf 83' lang='lat'><strong>219.</strong></span> <span class='ocrx_word' id='word_1_162' title='bbox 526 1515 734 1582; x_wconf 66' lang='grc' dir='ltr'>Ηγῆσαιο]</span> <span class='ocrx_word' id='word_1_163' title='bbox 771 1517 953 1581; x_wconf 90' lang='lat' dir='ltr'>Judicio</span> <span class='ocrx_word' id='word_1_164' title='bbox 983 1518 1191 1565; x_wconf 88' lang='lat' dir='ltr'>omnium</span> <span class='ocrx_word' id='word_1_165' title='bbox 1218 1534 1317 1564; x_wconf 81' lang='lat' dir='ltr'>rem</span> <span class='ocrx_word' id='word_1_166' title='bbox 1348 1516 1600 1566; x_wconf 86' lang='lat' dir='ltr'>confirmat.</span> <span class='ocrx_word' id='word_1_167' title='bbox 1658 1517 1731 1564; x_wconf 89' lang='lat' dir='ltr'>Sic</span> <span class='ocrx_word' id='word_1_168' title='bbox 1754 1518 1914 1579; x_wconf 81' lang='lat' dir='ltr'>Virgil.</span> 
     </span>
     <span class='ocr_line' id='line_1_20' title="bbox 242 1585 747 1649; baseline 0.002 -15"><span class='ocrx_word' id='word_1_169' title='bbox 242 1585 356 1636; x_wconf 88' lang='lat' dir='ltr'>AEn.</span> <span class='ocrx_word' id='word_1_170' title='bbox 392 1586 425 1634; x_wconf 93' lang='lat' dir='ltr'>l.</span> <span class='ocrx_word' id='word_1_171' title='bbox 443 1603 490 1649; x_wconf 87' lang='lat'>4.</span> <span class='ocrx_word' id='word_1_172' title='bbox 527 1601 707 1648; x_wconf 91' lang='lat' dir='ltr'><strong>v.401.</strong></span> <span class='ocrx_word' id='word_1_173' title='bbox 745 1601 747 1605; x_wconf 82' lang='lat'>·</span> 
     </span>
    </p>

    <p class='ocr_par' dir='ltr' id='par_1_9' title="bbox 372 1651 1439 1715">
     <span class='ocr_line' id='line_1_21' title="bbox 372 1651 1439 1715; baseline -0.003 -16"><span class='ocrx_word' id='word_1_174' title='bbox 372 1654 624 1714; x_wconf 84' lang='lat' dir='ltr'>Migrantes</span> <span class='ocrx_word' id='word_1_175' title='bbox 648 1670 819 1713; x_wconf 87' lang='lat' dir='ltr'>cernas,</span> <span class='ocrx_word' id='word_1_176' title='bbox 856 1651 1029 1715; x_wconf 71' lang='lat' dir='ltr'>totdque</span> <span class='ocrx_word' id='word_1_177' title='bbox 1053 1667 1110 1699; x_wconf 85' lang='lat' dir='ltr'>ex</span> <span class='ocrx_word' id='word_1_178' title='bbox 1129 1652 1232 1699; x_wconf 85' lang='lat' dir='ltr'>urbe</span> <span class='ocrx_word' id='word_1_179' title='bbox 1254 1660 1439 1698; x_wconf 80' lang='lat' dir='ltr'>ruentes.</span> 
     </span>
    </p>

    <p class='ocr_par' dir='ltr' id='par_1_10' title="bbox 231 1718 1921 2177">
     <span class='ocr_line' id='line_1_22' title="bbox 304 1718 1913 1787; baseline -0.001 -19"><span class='ocrx_word' id='word_1_180' title='bbox 304 1721 355 1768; x_wconf 91' lang='lat' dir='ltr'>P.</span> <span class='ocrx_word' id='word_1_181' title='bbox 374 1737 486 1769; x_wconf 89' lang='lat'><strong>220.</strong></span> <span class='ocrx_word' id='word_1_182' title='bbox 522 1723 588 1768; x_wconf 72' lang='grc' dir='ltr'>ΤΞ</span> <span class='ocrx_word' id='word_1_183' title='bbox 613 1723 743 1785; x_wconf 56' lang='lat' dir='ltr'>epm}</span> <span class='ocrx_word' id='word_1_184' title='bbox 770 1720 974 1787; x_wconf 61' lang='grc' dir='ltr'><strong><em>ἅςχρντες]</em></strong></span> <span class='ocrx_word' id='word_1_185' title='bbox 1012 1720 1298 1767; x_wconf 84' lang='lat' dir='ltr'>Leuuclavius</span> <span class='ocrx_word' id='word_1_186' title='bbox 1329 1719 1547 1766; x_wconf 86' lang='lat' dir='ltr'>existimat</span> <span class='ocrx_word' id='word_1_187' title='bbox 1577 1718 1704 1780; x_wconf 91' lang='lat' dir='ltr'>quod</span> <span class='ocrx_word' id='word_1_188' title='bbox 1737 1719 1811 1767; x_wconf 90' lang='lat' dir='ltr'>hic</span> <span class='ocrx_word' id='word_1_189' title='bbox 1842 1720 1913 1767; x_wconf 88' lang='lat' dir='ltr'>lo-</span> 
     </span>
     <span class='ocr_line' id='line_1_23' title="bbox 233 1785 1921 1852; baseline -0.001 -16"><span class='ocrx_word' id='word_1_190' title='bbox 233 1805 316 1836; x_wconf 87' lang='lat' dir='ltr'>cus</span> <span class='ocrx_word' id='word_1_191' title='bbox 337 1805 430 1837; x_wconf 92' lang='lat' dir='ltr'>non</span> <span class='ocrx_word' id='word_1_192' title='bbox 454 1787 771 1836; x_wconf 89' lang='lat' dir='ltr'>Polemarchos</span> <span class='ocrx_word' id='word_1_193' title='bbox 796 1788 972 1851; x_wconf 84' lang='lat' dir='ltr'>respicit</span> <span class='ocrx_word' id='word_1_194' title='bbox 1011 1788 1114 1851; x_wconf 88' lang='lat' dir='ltr'>(qui</span> <span class='ocrx_word' id='word_1_195' title='bbox 1138 1805 1243 1834; x_wconf 89' lang='lat' dir='ltr'>cum</span> <span class='ocrx_word' id='word_1_196' title='bbox 1268 1803 1373 1845; x_wconf 90' lang='lat' dir='ltr'>rege</span> <span class='ocrx_word' id='word_1_197' title='bbox 1396 1785 1549 1834; x_wconf 51' lang='lat' dir='ltr'>rever&amp;</span> <span class='ocrx_word' id='word_1_198' title='bbox 1573 1791 1644 1833; x_wconf 74' lang='grc' dir='ltr'>τοῦ</span> <span class='ocrx_word' id='word_1_199' title='bbox 1667 1792 1815 1850; x_wconf 52' lang='lat' dir='ltr'>§poenz</span> <span class='ocrx_word' id='word_1_200' title='bbox 1837 1785 1921 1852; x_wconf 48' lang='lat' dir='ltr'>big*</span> 
     </span>
     <span class='ocr_line' id='line_1_24' title="bbox 231 1853 1913 1922; baseline -0.001 -18"><span class='ocrx_word' id='word_1_201' title='bbox 231 1876 367 1920; x_wconf 57' lang='grc' dir='ltr'>χρυ-τες</span> <span class='ocrx_word' id='word_1_202' title='bbox 390 1869 532 1915; x_wconf 90' lang='lat' dir='ltr'>erant,</span> <span class='ocrx_word' id='word_1_203' title='bbox 567 1873 651 1904; x_wconf 89' lang='lat' dir='ltr'>nec</span> <span class='ocrx_word' id='word_1_204' title='bbox 678 1854 879 1922; x_wconf 59' lang='lat' dir='ltr'>profecto</span> <span class='ocrx_word' id='word_1_205' title='bbox 902 1856 999 1919; x_wconf 92' lang='lat' dir='ltr'>post</span> <span class='ocrx_word' id='word_1_206' title='bbox 1022 1855 1289 1919; x_wconf 76' lang='lat' dir='ltr'>haruspiceS,</span> <span class='ocrx_word' id='word_1_207' title='bbox 1325 1853 1547 1913; x_wconf 88' lang='lat' dir='ltr'>medicos,</span> <span class='ocrx_word' id='word_1_208' title='bbox 1584 1854 1806 1912; x_wconf 88' lang='lat' dir='ltr'>tibicines,</span> <span class='ocrx_word' id='word_1_209' title='bbox 1842 1872 1913 1902; x_wconf 86' lang='lat' dir='ltr'>re-</span> 
     </span>
     <span class='ocr_line' id='line_1_25' title="bbox 233 1922 1913 1985; baseline -0.002 -13"><span class='ocrx_word' id='word_1_210' title='bbox 233 1924 442 1972; x_wconf 87' lang='lat' dir='ltr'>censendi</span> <span class='ocrx_word' id='word_1_211' title='bbox 465 1927 605 1984; x_wconf 89' lang='lat' dir='ltr'>erant)</span> <span class='ocrx_word' id='word_1_212' title='bbox 643 1924 718 1972; x_wconf 86' lang='lat' dir='ltr'>sed</span> <span class='ocrx_word' id='word_1_213' title='bbox 742 1925 972 1971; x_wconf 90' lang='lat' dir='ltr'>minorum</span> <span class='ocrx_word' id='word_1_214' title='bbox 996 1923 1199 1981; x_wconf 86' lang='lat' dir='ltr'>gentium</span> <span class='ocrx_word' id='word_1_215' title='bbox 1223 1922 1361 1968; x_wconf 91' lang='lat' dir='ltr'>duces</span> <span class='ocrx_word' id='word_1_216' title='bbox 1393 1938 1444 1968; x_wconf 88' lang='lat' dir='ltr'>ac</span> <span class='ocrx_word' id='word_1_217' title='bbox 1474 1922 1736 1985; x_wconf 58' lang='lat' dir='ltr'>praefedtos3</span> <span class='ocrx_word' id='word_1_218' title='bbox 1773 1922 1913 1970; x_wconf 86' lang='lat' dir='ltr'>adeo-</span> 
     </span>
     <span class='ocr_line' id='line_1_26' title="bbox 234 1988 1913 2056; baseline -0.002 -16"><span class='ocrx_word' id='word_1_219' title='bbox 234 2009 325 2056; x_wconf 88' lang='lat' dir='ltr'>que</span> <span class='ocrx_word' id='word_1_220' title='bbox 347 1991 643 2056; x_wconf 84' lang='lat' dir='ltr'>supplendum</span> <span class='ocrx_word' id='word_1_221' title='bbox 668 1993 716 2039; x_wconf 89' lang='lat' dir='ltr'>in</span> <span class='ocrx_word' id='word_1_222' title='bbox 740 1992 809 2039; x_wconf 91' lang='lat' dir='ltr'>his</span> <span class='ocrx_word' id='word_1_223' title='bbox 834 1991 980 2038; x_wconf 85' lang='lat' dir='ltr'>verbis</span> <span class='ocrx_word' id='word_1_224' title='bbox 1008 1989 1134 2053; x_wconf 90' lang='lat' dir='ltr'>quod</span> <span class='ocrx_word' id='word_1_225' title='bbox 1157 1989 1292 2047; x_wconf 89' lang='lat' dir='ltr'>deest,</span> <span class='ocrx_word' id='word_1_226' title='bbox 1328 1994 1474 2053; x_wconf 63' lang='grc' dir='ltr'>ςροιτοῧ</span> <span class='ocrx_word' id='word_1_227' title='bbox 1497 1995 1809 2053; x_wconf 57' lang='grc' dir='ltr'>σκώοφομιωῧ</span> <span class='ocrx_word' id='word_1_228' title='bbox 1837 1988 1913 2055; x_wconf 65' lang='grc' dir='ltr'>ἅς-</span> 
     </span>
     <span class='ocr_line' id='line_1_27' title="bbox 234 2056 1911 2123; baseline -0.002 -15"><span class='ocrx_word' id='word_1_229' title='bbox 234 2058 371 2123; x_wconf 66' lang='grc' dir='ltr'><em>χονἿες,</em></span> <span class='ocrx_word' id='word_1_230' title='bbox 404 2063 620 2122; x_wconf 83' lang='lat' dir='ltr'>copiarum</span> <span class='ocrx_word' id='word_1_231' title='bbox 653 2060 771 2123; x_wconf 83' lang='lat' dir='ltr'>apud</span> <span class='ocrx_word' id='word_1_232' title='bbox 799 2059 1099 2120; x_wconf 76' lang='lat' dir='ltr'>impedimenta</span> <span class='ocrx_word' id='word_1_233' title='bbox 1127 2058 1348 2120; x_wconf 63' lang='lat' dir='ltr'>praefesti.</span> <span class='ocrx_word' id='word_1_234' title='bbox 1418 2056 1543 2105; x_wconf 87' lang='lat' dir='ltr'>Vide</span> <span class='ocrx_word' id='word_1_235' title='bbox 1577 2074 1678 2120; x_wconf 83' lang='lat' dir='ltr'><strong>pag.</strong></span> <span class='ocrx_word' id='word_1_236' title='bbox 1716 2057 1911 2121; x_wconf 86' lang='lat' dir='ltr'>praeced.</span> 
     </span>
     <span class='ocr_line' id='line_1_28' title="bbox 235 2127 596 2177; baseline -0.003 -2"><span class='ocrx_word' id='word_1_237' title='bbox 235 2128 316 2175; x_wconf 86' lang='lat' dir='ltr'><strong>lin.</strong></span> <span class='ocrx_word' id='word_1_238' title='bbox 337 2143 382 2177; x_wconf 91' lang='lat'>1.</span> <span class='ocrx_word' id='word_1_239' title='bbox 430 2127 521 2176; x_wconf 88' lang='lat' dir='ltr'>AE.</span> <span class='ocrx_word' id='word_1_240' title='bbox 541 2129 596 2174; x_wconf 92' lang='lat' dir='ltr'>P.</span> 
     </span>
    </p>

    <p class='ocr_par' dir='ltr' id='par_1_11' title="bbox 235 2191 1913 2798">
     <span class='ocr_line' id='line_1_29' title="bbox 307 2191 1913 2260; baseline -0.001 -18"><span class='ocrx_word' id='word_1_241' title='bbox 307 2196 357 2243; x_wconf 92' lang='lat' dir='ltr'>P.</span> <span class='ocrx_word' id='word_1_242' title='bbox 380 2211 491 2242; x_wconf 87' lang='lat'><strong>221.</strong></span> <span class='ocrx_word' id='word_1_243' title='bbox 528 2204 623 2260; x_wconf 71' lang='grc' dir='ltr'>Ποις</span> <span class='ocrx_word' id='word_1_244' title='bbox 627 2192 725 2244; x_wconf 72' lang='grc' dir='ltr'><em>ἇνἾοος</em></span> <span class='ocrx_word' id='word_1_245' title='bbox 749 2191 946 2255; x_wconf 74' lang='grc' dir='ltr'>κῦληἿάς]</span> <span class='ocrx_word' id='word_1_246' title='bbox 983 2191 1374 2254; x_wconf 68' lang='lat' dir='ltr'><strong>Qinuil.1ib.1.</strong></span> <span class='ocrx_word' id='word_1_247' title='bbox 1412 2209 1452 2241; x_wconf 93' lang='lat' dir='ltr'>c.</span> <span class='ocrx_word' id='word_1_248' title='bbox 1474 2195 1516 2240; x_wconf 87' lang='lat'>8.</span> <span class='ocrx_word' id='word_1_249' title='bbox 1553 2192 1711 2251; x_wconf 85' lang='lat' dir='ltr'>Duces,</span> <span class='ocrx_word' id='word_1_250' title='bbox 1747 2192 1913 2256; x_wconf 86' lang='lat' dir='ltr'>inquit,</span> 
     </span>
     <span class='ocr_line' id='line_1_30' title="bbox 236 2257 1913 2341; baseline -0.002 -31"><span class='ocrx_word' id='word_1_251' title='bbox 236 2265 443 2310; x_wconf 83' lang='lat' dir='ltr'>maximos</span> <span class='ocrx_word' id='word_1_252' title='bbox 465 2260 523 2310; x_wconf 52' lang='grc' dir='ltr'>θ’</span> <span class='ocrx_word' id='word_1_253' title='bbox 545 2263 719 2341; x_wconf 42' lang='lat' dir='ltr'>fidibus.</span> <span class='ocrx_word' id='word_1_254' title='bbox 732 2259 791 2309; x_wconf 68' lang='lat'>{5²</span> <span class='ocrx_word' id='word_1_255' title='bbox 816 2262 937 2308; x_wconf 84' lang='lat' dir='ltr'>tibiis</span> <span class='ocrx_word' id='word_1_256' title='bbox 967 2261 1155 2322; x_wconf 71' lang='lat' dir='ltr'>cecinff’</span> <span class='ocrx_word' id='word_1_257' title='bbox 1186 2259 1417 2318; x_wconf 84' lang='lat' dir='ltr'>traditum,</span> <span class='ocrx_word' id='word_1_258' title='bbox 1453 2257 1511 2308; x_wconf 70' lang='lat'>{5³</span> <span class='ocrx_word' id='word_1_259' title='bbox 1536 2262 1753 2307; x_wconf 82' lang='lat' dir='ltr'>exercitus</span> <span class='ocrx_word' id='word_1_260' title='bbox 1775 2261 1913 2307; x_wconf 84' lang='lat' dir='ltr'>Lace-</span> 
     </span>
     <span class='ocr_line' id='line_1_31' title="bbox 236 2326 1906 2392; baseline -0.001 -15"><span class='ocrx_word' id='word_1_261' title='bbox 236 2331 537 2377; x_wconf 81' lang='lat' dir='ltr'>daemoniorum</span> <span class='ocrx_word' id='word_1_262' title='bbox 574 2329 678 2392; x_wconf 88' lang='lat' dir='ltr'>mus</span> <span class='ocrx_word' id='word_1_263' title='bbox 681 2345 739 2375; x_wconf 87' lang='lat' dir='ltr'>czs</span> <span class='ocrx_word' id='word_1_264' title='bbox 775 2329 961 2390; x_wconf 78' lang='lat' dir='ltr'>accensos</span> <span class='ocrx_word' id='word_1_265' title='bbox 998 2329 1139 2375; x_wconf 82' lang='lat' dir='ltr'><strong>modis.</strong></span> <span class='ocrx_word' id='word_1_266' title='bbox 1205 2328 1279 2374; x_wconf 91' lang='lat' dir='ltr'>Sic</span> <span class='ocrx_word' id='word_1_267' title='bbox 1317 2329 1452 2375; x_wconf 91' lang='lat' dir='ltr'>etiam</span> <span class='ocrx_word' id='word_1_268' title='bbox 1488 2327 1546 2374; x_wconf 87' lang='lat' dir='ltr'>A.</span> <span class='ocrx_word' id='word_1_269' title='bbox 1567 2328 1731 2374; x_wconf 81' lang='lat' dir='ltr'>Gellius</span> <span class='ocrx_word' id='word_1_270' title='bbox 1764 2326 1841 2377; x_wconf 79' lang='lat' dir='ltr'><strong>lib.</strong></span> <span class='ocrx_word' id='word_1_271' title='bbox 1865 2344 1906 2376; x_wconf 90' lang='lat'>1.</span> 
     </span>
     <span class='ocr_line' id='line_1_32' title="bbox 236 2393 1909 2459; baseline -0.003 -14"><span class='ocrx_word' id='word_1_272' title='bbox 236 2414 278 2445; x_wconf 89' lang='lat' dir='ltr'>c.</span> <span class='ocrx_word' id='word_1_273' title='bbox 303 2414 376 2445; x_wconf 85' lang='lat'>11.</span> <span class='ocrx_word' id='word_1_274' title='bbox 412 2399 575 2445; x_wconf 57' lang='lat' dir='ltr'>Aulior</span> <span class='ocrx_word' id='word_1_275' title='bbox 595 2397 789 2458; x_wconf 80' lang='lat' dir='ltr'>historiae</span> <span class='ocrx_word' id='word_1_276' title='bbox 803 2395 1077 2457; x_wconf 78' lang='lat' dir='ltr'>gravzffimus</span> <span class='ocrx_word' id='word_1_277' title='bbox 1100 2394 1374 2459; x_wconf 74' lang='lat' dir='ltr'>Thucydides,</span> <span class='ocrx_word' id='word_1_278' title='bbox 1413 2394 1764 2452; x_wconf 78' lang='lat' dir='ltr'>Lacedaemom‘os,</span> <span class='ocrx_word' id='word_1_279' title='bbox 1784 2393 1909 2455; x_wconf 81' lang='lat' dir='ltr'>sum·</span> 
     </span>
     <span class='ocr_line' id='line_1_33' title="bbox 235 2462 1911 2524; baseline -0.003 -11"><span class='ocrx_word' id='word_1_280' title='bbox 235 2482 320 2513; x_wconf 80' lang='lat' dir='ltr'>mos</span> <span class='ocrx_word' id='word_1_281' title='bbox 341 2466 580 2522; x_wconf 84' lang='lat' dir='ltr'>bellatores,</span> <span class='ocrx_word' id='word_1_282' title='bbox 616 2480 697 2510; x_wconf 81' lang='lat' dir='ltr'>non</span> <span class='ocrx_word' id='word_1_283' title='bbox 723 2479 924 2510; x_wconf 83' lang='lat' dir='ltr'>cornuum</span> <span class='ocrx_word' id='word_1_284' title='bbox 948 2464 1205 2510; x_wconf 82' lang='lat' dir='ltr'>tubarumve</span> <span class='ocrx_word' id='word_1_285' title='bbox 1216 2462 1375 2524; x_wconf 82' lang='lat' dir='ltr'>stgnis,</span> <span class='ocrx_word' id='word_1_286' title='bbox 1399 2462 1484 2523; x_wconf 86' lang='lat' dir='ltr'>sed</span> <span class='ocrx_word' id='word_1_287' title='bbox 1502 2463 1711 2508; x_wconf 84' lang='lat' dir='ltr'>tibiarum</span> <span class='ocrx_word' id='word_1_288' title='bbox 1737 2462 1911 2508; x_wconf 81' lang='lat' dir='ltr'>modulis</span> 
     </span>
     <span class='ocr_line' id='line_1_34' title="bbox 236 2528 1910 2594; baseline -0.003 -13"><span class='ocrx_word' id='word_1_289' title='bbox 236 2537 286 2581; x_wconf 82' lang='lat' dir='ltr'>in</span> <span class='ocrx_word' id='word_1_290' title='bbox 314 2533 488 2594; x_wconf 85' lang='lat' dir='ltr'>praeliis</span> <span class='ocrx_word' id='word_1_291' title='bbox 519 2532 609 2592; x_wconf 87' lang='lat' dir='ltr'>usos</span> <span class='ocrx_word' id='word_1_292' title='bbox 638 2530 716 2592; x_wconf 82' lang='lat' dir='ltr'>effe</span> <span class='ocrx_word' id='word_1_293' title='bbox 743 2532 901 2591; x_wconf 72' lang='lat' dir='ltr'>refert.</span> <span class='ocrx_word' id='word_1_294' title='bbox 962 2530 1180 2592; x_wconf 84' lang='lat' dir='ltr'><strong>Thucyd.</strong></span> <span class='ocrx_word' id='word_1_295' title='bbox 1216 2530 1294 2576; x_wconf 91' lang='lat' dir='ltr'><strong>lib.</strong></span> <span class='ocrx_word' id='word_1_296' title='bbox 1315 2546 1359 2593; x_wconf 80' lang='grc' dir='ltr'>ς.</span> <span class='ocrx_word' id='word_1_297' title='bbox 1396 2529 1572 2575; x_wconf 90' lang='lat' dir='ltr'>testatur</span> <span class='ocrx_word' id='word_1_298' title='bbox 1605 2529 1661 2575; x_wconf 90' lang='lat' dir='ltr'>ad</span> <span class='ocrx_word' id='word_1_299' title='bbox 1694 2528 1910 2576; x_wconf 87' lang='lat' dir='ltr'>sedandos</span> 
     </span>
     <span class='ocr_line' id='line_1_35' title="bbox 235 2596 1910 2660; baseline -0.003 -13"><span class='ocrx_word' id='word_1_300' title='bbox 235 2601 418 2660; x_wconf 86' lang='lat' dir='ltr'>gradus,</span> <span class='ocrx_word' id='word_1_301' title='bbox 455 2604 497 2646; x_wconf 72' lang='grc' dir='ltr'>δε</span> <span class='ocrx_word' id='word_1_302' title='bbox 526 2597 851 2646; x_wconf 86' lang='lat' dir='ltr'>continendum</span> <span class='ocrx_word' id='word_1_303' title='bbox 881 2597 1144 2655; x_wconf 85' lang='lat' dir='ltr'>exercitum,</span> <span class='ocrx_word' id='word_1_304' title='bbox 1181 2596 1228 2642; x_wconf 88' lang='lat' dir='ltr'>id</span> <span class='ocrx_word' id='word_1_305' title='bbox 1265 2597 1360 2643; x_wconf 87' lang='lat' dir='ltr'>fieri</span> <span class='ocrx_word' id='word_1_306' title='bbox 1393 2596 1448 2642; x_wconf 87' lang='lat' dir='ltr'>ab</span> <span class='ocrx_word' id='word_1_307' title='bbox 1476 2597 1539 2642; x_wconf 89' lang='lat' dir='ltr'>eis</span> <span class='ocrx_word' id='word_1_308' title='bbox 1571 2596 1747 2643; x_wconf 87' lang='lat' dir='ltr'>solitum</span> <span class='ocrx_word' id='word_1_309' title='bbox 1765 2624 1832 2632; x_wconf 89' lang='lat'>—-</span> <span class='ocrx_word' id='word_1_310' title='bbox 1848 2599 1910 2660; x_wconf 73' lang='grc' dir='ltr'>μιὶ</span> 
     </span>
     <span class='ocr_line' id='line_1_36' title="bbox 235 2663 1910 2732; baseline -0.002 -17"><span class='ocrx_word' id='word_1_311' title='bbox 235 2664 525 2732; x_wconf 50' lang='grc' dir='ltr'>,Ἄλφπκοθ-άη</span> <span class='ocrx_word' id='word_1_312' title='bbox 555 2687 697 2718; x_wconf 56' lang='lat' dir='ltr'>wrote</span> <span class='ocrx_word' id='word_1_313' title='bbox 727 2667 748 2717; x_wconf 72' lang='grc' dir='ltr'><em>ἦ</em></span> <span class='ocrx_word' id='word_1_314' title='bbox 780 2664 910 2724; x_wconf 75' lang='grc' dir='ltr'><strong><em>πιξις.</em></strong></span> <span class='ocrx_word' id='word_1_315' title='bbox 965 2664 1089 2713; x_wconf 78' lang='lat' dir='ltr'>Vide</span> <span class='ocrx_word' id='word_1_316' title='bbox 1125 2665 1258 2725; x_wconf 83' lang='lat' dir='ltr'><strong>Crag.</strong></span> <span class='ocrx_word' id='word_1_317' title='bbox 1292 2663 1350 2710; x_wconf 80' lang='lat' dir='ltr'>de</span> <span class='ocrx_word' id='word_1_318' title='bbox 1382 2664 1442 2710; x_wconf 90' lang='lat' dir='ltr'><strong>R.</strong></span> <span class='ocrx_word' id='word_1_319' title='bbox 1465 2664 1525 2712; x_wconf 85' lang='lat' dir='ltr'>L.</span> <span class='ocrx_word' id='word_1_320' title='bbox 1560 2663 1703 2726; x_wconf 72' lang='lat' dir='ltr'><strong>lib.3.</strong></span> <span class='ocrx_word' id='word_1_321' title='bbox 1740 2663 1817 2711; x_wconf 76' lang='lat' dir='ltr'>ubi</span> <span class='ocrx_word' id='word_1_322' title='bbox 1851 2664 1910 2712; x_wconf 79' lang='lat' dir='ltr'>de</span> 
     </span>
     <span class='ocr_line' id='line_1_37' title="bbox 236 2733 788 2798; baseline -0.004 -16"><span class='ocrx_word' id='word_1_323' title='bbox 236 2735 321 2783; x_wconf 88' lang='lat' dir='ltr'>hac</span> <span class='ocrx_word' id='word_1_324' title='bbox 343 2752 391 2782; x_wconf 89' lang='lat' dir='ltr'>re</span> <span class='ocrx_word' id='word_1_325' title='bbox 412 2735 541 2798; x_wconf 89' lang='lat' dir='ltr'>plura</span> <span class='ocrx_word' id='word_1_326' title='bbox 562 2733 788 2792; x_wconf 85' lang='lat' dir='ltr'>congeffit.</span> 
     </span>
    </p>

    <p class='ocr_par' dir='ltr' id='par_1_12' title="bbox 232 2797 1910 3454">
     <span class='ocr_line' id='line_1_38' title="bbox 305 2797 1910 2862; baseline -0.002 -13"><span class='ocrx_word' id='word_1_327' title='bbox 305 2801 426 2850; x_wconf 91' lang='lat' dir='ltr'>Ibid.</span> <span class='ocrx_word' id='word_1_328' title='bbox 465 2801 724 2862; x_wconf 57' lang='grc' dir='ltr'><em>Αςεφοινωῖρν</em></span> <span class='ocrx_word' id='word_1_329' title='bbox 749 2798 868 2862; x_wconf 44' lang='grc' dir='ltr'>ἀνω]</span> <span class='ocrx_word' id='word_1_330' title='bbox 905 2800 1101 2847; x_wconf 85' lang='lat' dir='ltr'>Coronae</span> <span class='ocrx_word' id='word_1_331' title='bbox 1125 2798 1262 2846; x_wconf 90' lang='lat' dir='ltr'>rarius</span> <span class='ocrx_word' id='word_1_332' title='bbox 1288 2797 1415 2845; x_wconf 87' lang='lat' dir='ltr'>domi</span> <span class='ocrx_word' id='word_1_333' title='bbox 1445 2798 1677 2862; x_wconf 87' lang='lat' dir='ltr'>usurpatae,</span> <span class='ocrx_word' id='word_1_334' title='bbox 1713 2799 1761 2846; x_wconf 88' lang='lat' dir='ltr'>in</span> <span class='ocrx_word' id='word_1_335' title='bbox 1789 2798 1910 2846; x_wconf 83' lang='lat' dir='ltr'>bello</span> 
     </span>
     <span class='ocr_line' id='line_1_39' title="bbox 236 2865 1910 2933; baseline -0.002 -15"><span class='ocrx_word' id='word_1_336' title='bbox 236 2882 338 2920; x_wconf 87' lang='lat' dir='ltr'>ante</span> <span class='ocrx_word' id='word_1_337' title='bbox 371 2870 576 2933; x_wconf 85' lang='lat' dir='ltr'>praelium</span> <span class='ocrx_word' id='word_1_338' title='bbox 607 2869 662 2915; x_wconf 89' lang='lat' dir='ltr'>ab</span> <span class='ocrx_word' id='word_1_339' title='bbox 695 2868 902 2915; x_wconf 85' lang='lat' dir='ltr'>omnibus</span> <span class='ocrx_word' id='word_1_340' title='bbox 931 2867 1230 2925; x_wconf 88' lang='lat' dir='ltr'>sumebantur,</span> <span class='ocrx_word' id='word_1_341' title='bbox 1266 2868 1327 2913; x_wconf 88' lang='lat' dir='ltr'>ita</span> <span class='ocrx_word' id='word_1_342' title='bbox 1359 2865 1562 2913; x_wconf 88' lang='lat' dir='ltr'>edicente</span> <span class='ocrx_word' id='word_1_343' title='bbox 1597 2867 1738 2925; x_wconf 87' lang='lat' dir='ltr'><strong>Rege.</strong></span> <span class='ocrx_word' id='word_1_344' title='bbox 1798 2867 1910 2914; x_wconf 88' lang='lat' dir='ltr'>Hoc</span> 
     </span>
     <span class='ocr_line' id='line_1_40' title="bbox 237 2932 1908 2998; baseline -0.003 -13"><span class='ocrx_word' id='word_1_345' title='bbox 237 2939 416 2985; x_wconf 83' lang='lat' dir='ltr'>testatur</span> <span class='ocrx_word' id='word_1_346' title='bbox 452 2935 684 2983; x_wconf 82' lang='lat' dir='ltr'>Plutarch.</span> <span class='ocrx_word' id='word_1_347' title='bbox 726 2937 773 2982; x_wconf 91' lang='lat' dir='ltr'>in</span> <span class='ocrx_word' id='word_1_348' title='bbox 809 2941 960 2998; x_wconf 74' lang='lat' dir='ltr'>Lycur</span> <span class='ocrx_word' id='word_1_349' title='bbox 955 2951 1005 2996; x_wconf 87' lang='lat' dir='ltr'><em>g</em></span> <span class='ocrx_word' id='word_1_350' title='bbox 1079 2933 1219 2997; x_wconf 83' lang='lat' dir='ltr'>Qod</span> <span class='ocrx_word' id='word_1_351' title='bbox 1258 2934 1480 2980; x_wconf 88' lang='lat' dir='ltr'>vetustum</span> <span class='ocrx_word' id='word_1_352' title='bbox 1524 2932 1653 2980; x_wconf 85' lang='lat' dir='ltr'>valde</span> <span class='ocrx_word' id='word_1_353' title='bbox 1696 2933 1908 2982; x_wconf 87' lang='lat' dir='ltr'>videtur:</span> 
     </span>
     <span class='ocr_line' id='line_1_41' title="bbox 233 3001 1906 3077; baseline -0.007 -24"><span class='ocrx_word' id='word_1_354' title='bbox 233 3022 342 3053; x_wconf 90' lang='lat' dir='ltr'>nam</span> <span class='ocrx_word' id='word_1_355' title='bbox 366 3002 420 3052; x_wconf 74' lang='lat' dir='ltr'>eo</span> <span class='ocrx_word' id='word_1_356' title='bbox 443 3003 690 3051; x_wconf 85' lang='lat' dir='ltr'>existimare</span> <span class='ocrx_word' id='word_1_357' title='bbox 713 3003 816 3050; x_wconf 90' lang='lat' dir='ltr'>licet</span> <span class='ocrx_word' id='word_1_358' title='bbox 832 3003 1062 3049; x_wconf 80' lang='lat' dir='ltr'>Homerum</span> <span class='ocrx_word' id='word_1_359' title='bbox 1085 3001 1329 3077; x_wconf 79' lang='lat' dir='ltr'>respexisse,</span> <span class='ocrx_word' id='word_1_360' title='bbox 1355 3017 1460 3047; x_wconf 91' lang='lat' dir='ltr'>cum</span> <span class='ocrx_word' id='word_1_361' title='bbox 1483 3022 1816 3066; x_wconf 57' lang='grc' dir='ltr'>χριξηηρμςωνπις</span> <span class='ocrx_word' id='word_1_362' title='bbox 1840 3012 1906 3050; x_wconf 88' lang='grc' dir='ltr'>Α-</span> 
     </span>
     <span class='ocr_line' id='line_1_42' title="bbox 232 3067 1909 3137; baseline -0.002 -18"><span class='ocrx_word' id='word_1_363' title='bbox 232 3073 363 3137; x_wconf 44' lang='lat' dir='ltr'>gaci&amp;</span> <span class='ocrx_word' id='word_1_364' title='bbox 396 3071 519 3118; x_wconf 86' lang='lat' dir='ltr'>dicit.</span> <span class='ocrx_word' id='word_1_365' title='bbox 587 3070 676 3118; x_wconf 91' lang='lat' dir='ltr'>Sed</span> <span class='ocrx_word' id='word_1_366' title='bbox 708 3088 808 3133; x_wconf 85' lang='lat' dir='ltr'>quae</span> <span class='ocrx_word' id='word_1_367' title='bbox 840 3070 974 3131; x_wconf 89' lang='lat' dir='ltr'>hujus</span> <span class='ocrx_word' id='word_1_368' title='bbox 1007 3069 1191 3116; x_wconf 87' lang='lat' dir='ltr'>instituti</span> <span class='ocrx_word' id='word_1_369' title='bbox 1221 3069 1334 3115; x_wconf 90' lang='lat' dir='ltr'>ratio</span> <span class='ocrx_word' id='word_1_370' title='bbox 1369 3067 1519 3125; x_wconf 85' lang='lat' dir='ltr'>fuerit,</span> <span class='ocrx_word' id='word_1_371' title='bbox 1555 3080 1712 3115; x_wconf 89' lang='lat' dir='ltr'>neuter</span> <span class='ocrx_word' id='word_1_372' title='bbox 1743 3069 1909 3117; x_wconf 88' lang='lat' dir='ltr'>horum</span> 
     </span>
     <span class='ocr_line' id='line_1_43' title="bbox 237 3134 1910 3201; baseline -0.002 -14"><span class='ocrx_word' id='word_1_373' title='bbox 237 3140 387 3188; x_wconf 86' lang='lat' dir='ltr'>tradit.</span> <span class='ocrx_word' id='word_1_374' title='bbox 435 3137 662 3201; x_wconf 86' lang='lat' dir='ltr'>Equidem</span> <span class='ocrx_word' id='word_1_375' title='bbox 686 3137 887 3184; x_wconf 84' lang='lat' dir='ltr'>existimo</span> <span class='ocrx_word' id='word_1_376' title='bbox 911 3136 1095 3183; x_wconf 87' lang='lat' dir='ltr'>voluiffe</span> <span class='ocrx_word' id='word_1_377' title='bbox 1119 3153 1196 3183; x_wconf 87' lang='lat' dir='ltr'>eos</span> <span class='ocrx_word' id='word_1_378' title='bbox 1220 3134 1429 3182; x_wconf 89' lang='lat' dir='ltr'>fiduciam</span> <span class='ocrx_word' id='word_1_379' title='bbox 1454 3135 1535 3181; x_wconf 87' lang='lat' dir='ltr'>hac</span> <span class='ocrx_word' id='word_1_380' title='bbox 1557 3135 1727 3183; x_wconf 88' lang='lat' dir='ltr'>ratione</span> <span class='ocrx_word' id='word_1_381' title='bbox 1750 3136 1910 3183; x_wconf 86' lang='lat' dir='ltr'>animis</span> 
     </span>
     <span class='ocr_line' id='line_1_44' title="bbox 237 3202 1908 3270; baseline -0.002 -16"><span class='ocrx_word' id='word_1_382' title='bbox 237 3207 532 3270; x_wconf 87' lang='lat' dir='ltr'>pugnantium</span> <span class='ocrx_word' id='word_1_383' title='bbox 562 3205 743 3264; x_wconf 85' lang='lat' dir='ltr'>addere,</span> <span class='ocrx_word' id='word_1_384' title='bbox 780 3216 830 3250; x_wconf 92' lang='lat' dir='ltr'>ut</span> <span class='ocrx_word' id='word_1_385' title='bbox 852 3219 1064 3251; x_wconf 88' lang='lat' dir='ltr'>coronam</span> <span class='ocrx_word' id='word_1_386' title='bbox 1084 3205 1177 3265; x_wconf 89' lang='lat' dir='ltr'>jam</span> <span class='ocrx_word' id='word_1_387' title='bbox 1204 3214 1414 3266; x_wconf 83' lang='lat' dir='ltr'>tanquam</span> <span class='ocrx_word' id='word_1_388' title='bbox 1439 3202 1623 3249; x_wconf 61' lang='lat' dir='ltr'>victoria</span> <span class='ocrx_word' id='word_1_389' title='bbox 1651 3204 1784 3267; x_wconf 91' lang='lat' dir='ltr'>potiti</span> <span class='ocrx_word' id='word_1_390' title='bbox 1811 3203 1908 3262; x_wconf 89' lang='lat' dir='ltr'>ges-</span> 
     </span>
     <span class='ocr_line' id='line_1_45' title="bbox 238 3269 1903 3347; baseline -0.002 -25"><span class='ocrx_word' id='word_1_391' title='bbox 238 3287 382 3322; x_wconf 88' lang='lat' dir='ltr'>tantes</span> <span class='ocrx_word' id='word_1_392' title='bbox 419 3272 577 3320; x_wconf 89' lang='lat' dir='ltr'>fortius</span> <span class='ocrx_word' id='word_1_393' title='bbox 613 3283 819 3330; x_wconf 89' lang='lat' dir='ltr'>agerent,</span> <span class='ocrx_word' id='word_1_394' title='bbox 866 3287 924 3317; x_wconf 90' lang='lat' dir='ltr'>ne</span> <span class='ocrx_word' id='word_1_395' title='bbox 958 3271 1200 3347; x_wconf 73' lang='lat' dir='ltr'>praemium</span> <span class='ocrx_word' id='word_1_396' title='bbox 1236 3269 1434 3318; x_wconf 60' lang='lat' dir='ltr'>viotoriae</span> <span class='ocrx_word' id='word_1_397' title='bbox 1475 3269 1609 3318; x_wconf 89' lang='lat' dir='ltr'>multi</span> <span class='ocrx_word' id='word_1_398' title='bbox 1648 3270 1903 3336; x_wconf 88' lang='lat' dir='ltr'>perderent.</span> 
     </span>
     <span class='ocr_line' id='line_1_46' title="bbox 237 3335 1761 3454; baseline -0.003 -64"><span class='ocrx_word' id='word_1_399' title='bbox 237 3342 372 3405; x_wconf 78' lang='lat' dir='ltr'><strong>Crag.</strong></span> <span class='ocrx_word' id='word_1_400' title='bbox 398 3342 447 3390; x_wconf 86' lang='lat' dir='ltr'>in</span> <span class='ocrx_word' id='word_1_401' title='bbox 470 3339 585 3390; x_wconf 85' lang='lat' dir='ltr'>libro</span> <span class='ocrx_word' id='word_1_402' title='bbox 608 3339 764 3405; x_wconf 87' lang='lat' dir='ltr'>saepius</span> <span class='ocrx_word' id='word_1_403' title='bbox 787 3338 939 3391; x_wconf 82' lang='lat' dir='ltr'>citato.</span> <span class='ocrx_word' id='word_1_404' title='bbox 993 3337 1117 3387; x_wconf 84' lang='lat' dir='ltr'>Vide</span> <span class='ocrx_word' id='word_1_405' title='bbox 1139 3337 1277 3388; x_wconf 88' lang='lat' dir='ltr'>etiam</span> <span class='ocrx_word' id='word_1_406' title='bbox 1298 3335 1423 3403; x_wconf 88' lang='lat' dir='ltr'>supra</span> <span class='ocrx_word' id='word_1_407' title='bbox 1443 3354 1490 3402; x_wconf 91' lang='lat' dir='ltr'>p.</span> <span class='ocrx_word' id='word_1_408' title='bbox 1513 3336 1590 3388; x_wconf 88' lang='lat'>16.</span> <span class='ocrx_word' id='word_1_409' title='bbox 1723 3404 1761 3454; x_wconf 77' lang='lat' dir='ltr'><strong>P</strong></span> 
     </span>
    </p>

    <p class='ocr_par' dir='ltr' id='par_1_13' title="bbox 1762 3418 1905 3453">
     <span class='ocr_line' id='line_1_47' title="bbox 1762 3418 1905 3453; baseline -0.014 0"><span class='ocrx_word' id='word_1_410' title='bbox 1762 3418 1905 3453; x_wconf 89' lang='lat'><strong>.222.</strong></span> 
     </span>
    </p>
   </div>
  </div>
 </body>
</html>
