2021 3825
645 258 717 327 N
820 257 882 322 O
984 256 1060 321 T*
1143 258 1249 323 AE.
1661 268 1801 348 349

187 405 308 454 Ibid.
347 402 593 454 Kouro'mw'
614 403 712 465 εἴη]
761 402 963 452 Maxim?
997 420 1152 453 novae.·
1199 405 1325 468 quod
1363 405 1418 453 ad
1457 407 1581 454 usum
1619 408 1794 455 attinet.

117 474 192 520 Sic
219 475 281 520 D.
297 472 466 534 Johan.
502 489 546 521 e.
569 487 645 534 13.
682 488 726 518 v.
751 487 827 533 34.
866 471 1025 523 ἐντολὴν
1051 473 1212 530 νμινιᾶνε
1250 472 1307 518 ad
1340 491 1476 536 quem
1510 475 1664 522 locum
1697 476 1796 522 haec

115 541 288 587 dofflff.
318 539 584 602 Raphelius:
623 538 800 585 “Sicut
831 538 951 598 leges
985 540 1242 597 Laconicae,
1279 540 1385 586 licet
1412 542 1694 604 Lycurgum,
1729 542 1798 589 le·

115 607 365 666 gissatorem
387 605 736 664 vetustiffimum,
763 606 997 653 habuerint
1018 608 1264 665 auctorem,
1292 618 1442 654 tamen
1467 607 1489 654 a
1512 610 1797 673 Xenophon-

114 688 160 723 te
185 691 312 722 novae
336 674 627 738 appellantur,
654 686 871 735 quantum
895 675 1060 721 scilicet
1083 675 1240 721 attinet
1263 675 1319 720 ad
1343 675 1448 721 alias
1474 676 1667 740 Respub.
1694 693 1797 740 quae

114 743 289 790 easdem
313 741 498 804 quidem
521 740 641 797 leges
664 740 918 800 laudabant,
944 740 1019 788 sed
1044 741 1096 788 iis
1120 741 1331 800 adstringi
1352 743 1588 792 nolebant:
1626 744 1687 790 ita
1708 761 1795 807 pu-

114 822 209 857 tem
233 808 378 857 mutui
400 824 582 871 quoque
605 809 770 855 amoris
792 821 1069 873 praeceptum
1092 806 1116 855 a
1138 809 1344 856 Domino
1370 811 1518 857 nostro
1544 826 1697 859 novum
1723 811 1798 857 di-

115 877 157 924 ci
189 893 281 923 non
313 875 444 922 aliam
480 875 540 922 ob
573 876 764 934 causam,
801 875 937 940 quam
961 874 1086 938 quod
1110 876 1281 939 Judaeis
1316 876 1450 923 fuerit
1487 894 1657 936 novum,
1694 879 1724 926 i.
1748 894 1802 933 Q

113 944 238 1006 quod
272 943 418 1006 Judaei
456 943 662 990 omnium
697 944 889 992 aliorum
929 943 1181 991 officiorum
1216 943 1382 991 fuerint
1419 945 1794 1003 observantioreS,

109 1009 247 1075 quam
273 1011 478 1057 fraternae
502 1010 780 1059 charitatis.''

183 1079 232 1125 P.
253 1082 363 1125 208.
400 1076 486 1125 Em*
506 1078 696 1142 ςρκπῖις]
745 1080 927 1138 Elegoana
960 1077 1192 1126 dicebatur
1224 1090 1344 1127 totus
1375 1079 1615 1139 exercitus,
1660 1079 1793 1144 pedi·

113 1156 180 1193 tes
205 1144 459 1208 equitesque
483 1145 802 1208 complectens.
847 1147 907 1192 H.

182 1213 303 1260 Ibid.
345 1215 515 1263 Χοιλκὶἷν
539 1210 733 1275 οἱα-νήθει]
769 1214 990 1276 ClypeOS,
1027 1229 1139 1275 quos
1175 1227 1357 1277 propter
1387 1231 1681 1263 communem
1716 1230 1793 1261 or·

112 1280 267 1327 dinem
303 1280 519 1338 ferebant,
555 1297 612 1327 ex
648 1297 736 1328 aere
772 1282 1008 1328 fabricatos
1042 1280 1278 1329 habebant.
1345 1283 1402 1328 In
1435 1283 1551 1330 hisce
1586 1283 1793 1345 inscripta

110 1347 313 1410 symbola
347 1347 418 1394 seu
453 1347 635 1405 tefferae‚
685 1349 847 1412 quibus
890 1347 1067 1406 agnosci
1104 1349 1302 1395 invicem
1339 1350 1505 1396 milites
1546 1362 1790 1413 poterant3

111 1416 257 1478 prima
279 1414 490 1462 videlicet
522 1417 666 1472 gentis
698 1417 909 1478 cujusque
940 1416 1084 1462 litera.
1143 1417 1213 1462 Ita
1240 1417 1577 1463 Lacedaemonii
1603 1428 1658 1471 A,
1697 1419 1790 1464 Ar-

111 1482 206 1539 givi
235 1493 293 1535 A,
331 1482 529 1545 Sicyonii
563 1493 615 1535 Σ,
651 1493 702 1529 ut
735 1482 932 1529 indicare
966 1481 1145 1528 videtur
1174 1481 1365 1546 Xenoph.
1403 1485 1519 1531 Hist.
1557 1485 1645 1531 Gr.
1684 1485 1716 1532 l.
1737 1499 1784 1547 4.

109 1549 265 1597 Armis
290 1551 337 1596 in
367 1550 523 1612 primis
550 1550 704 1611 Sparta
726 1549 1042 1597 commendata
1063 1550 1164 1609 fuit,
1203 1562 1412 1614 tanquam
1436 1552 1490 1598 iis
1515 1552 1790 1615 potissimum

109 1617 384 1664 excelluerit.
458 1618 666 1664 Omnibus
687 1618 775 1678 sua
812 1618 961 1667 decora
981 1618 1094 1678 sunt
1146 1618 1319 1681 (inquit
1354 1620 1550 1677 Seneca)
1600 1619 1794 1667 Athenae

109 1682 350 1746 eloquenti&¹
380 1685 557 1747 inclytae
578 1685 707 1745 sunt,
745 1684 904 1731 ‘Thebae
922 1684 1088 1745 sacris,
1125 1685 1285 1746 Sparta
1317 1690 1465 1733 armis.
1525 1687 1680 1752 Atque
1712 1688 1787 1735 ea-

108 1752 216 1798 dem
242 1752 298 1798 de
323 1750 466 1809 causa,
503 1751 738 1798 Claudiano
760 1752 939 1810 dicitur,
976 1755 1232 1813 armipotens
1254 1754 1545 1802 Lacedaemon.

178 1819 300 1867 Ibid.
338 1815 681 1883 Πολεμικωπὲτην
708 1816 884 1881 δ’ἑῗνοᾳ]
922 1819 1219 1866 Scribendum
1244 1822 1424 1868 Videtur
1448 1819 1792 1885 ’πολεμικωτάτην

109 1882 160 1933 δῖ
190 1882 432 1946 ‘tiufbah
468 1890 509 1932 δε
537 1886 805 1933 vocabulum
841 1883 954 1937 τάνδ’
988 1886 1129 1949 (quod
1159 1888 1290 1950 periit
1322 1891 1508 1952 propte?
1533 1890 1787 1938 similitudi·

107 1970 215 2000 nem
246 1970 351 2000 cum
383 1954 522 2001 literis
554 1953 762 2016 proxime
792 1951 1168 2017 praecedentibus)
1207 1955 1263 2001 ad
1293 1953 1457 2004 &an-1¹2&
1481 1957 1788 2007 referendum.

109 2021 215 2068 Nec
249 2021 372 2067 enim
395 2019 664 2088 videosctu·
694 2022 914 2069 rationem
947 2022 1155 2068 redderet
1181 2022 1408 2085 Xenophon
1440 2024 1623 2071 instituti
1656 2025 1788 2072 vesti-

106 2090 249 2136 menti
273 2088 469 2152 punicei,
506 2105 599 2136 non
624 2089 733 2136 item
759 2089 867 2136 scuti
891 2089 1022 2136 aerei:
1060 2089 1180 2136 certe
1204 2091 1340 2137 verba
1369 2092 1576 2154 proxime
1601 2092 1786 2155 sequen·

107 2157 166 2204 tia
193 2156 449 2218 scrupulum
474 2155 661 2203 omnino
687 2157 908 2217 eximunt,
945 2156 1050 2204 cum
1073 2173 1165 2204 non
1189 2159 1365 2221 possunt
1388 2159 1468 2206 nifi
1491 2159 1549 2207 de
1574 2159 1696 2206 scuto
1721 2177 1784 2206 ae-

106 2240 193 2271 neo
219 2223 425 2281 intelligi.
473 2225 545 2272 W.

175 2289 295 2337 Ibid.
336 2289 424 2352 Ka)
445 2295 581 2355 ιωμᾷν
606 2291 718 2353 &c.]
754 2292 964 2339 Homerus
987 2291 1146 2339 eadem
1171 2293 1341 2341 ratione
1368 2290 1548 2341 fortasse
1574 2293 1785 2354 inculcat,

107 2362 149 2404 δε
172 2357 351 2405 Graecis
383 2358 470 2404 hoc
503 2359 750 2421 epithetum
784 2359 937 2406 tribuit
967 2354 1293 2425 »ωιςηκρμέωντες
1323 2365 1503 2422 Azonai,
1539 2364 1694 2408 criniti
1719 2364 1788 2408 A-

105 2425 240 2473 chivi.
301 2424 469 2472 Contra
498 2426 676 2473 Barbari
704 2426 805 2472 ralis
837 2427 1057 2488 capitibus
1088 2427 1378 2476 inducuntur.
1437 2429 1624 2489 Cragius
1652 2430 1788 2492 hujus

105 2493 288 2540 instituti
320 2491 435 2539 hanc
472 2510 607 2540 unam
642 2493 766 2540 fuifl‘e
801 2494 973 2541 causam
1007 2506 1150 2556 putat,
1189 2498 1288 2542 “ut
1318 2496 1370 2543 ea
1403 2496 1575 2543 ratione
1611 2497 1786 2560 poffent

104 2560 303 2618 dignosci
334 2558 464 2606 facile
496 2561 552 2607 ab
585 2561 700 2619 aliis,
736 2562 870 2608 etiam
904 2562 1072 2608 mortui
1107 2562 1499 2610 Lacedaemonii.’'
1558 2566 1594 2610 F
1600 2565 1784 2611 aemina·

104 2643 363 2687 rum'co-ma
387 2628 522 2675 etiam
546 2629 720 2692 prolixa
743 2629 828 2677 fuit
843 2655 912 2664 —-—-
927 2629 1000 2676 Sic
1023 2630 1185 2677 Horat.
1220 2630 1302 2678 lib.
1328 2648 1370 2678 2.
1411 2630 1506 2679 Od.
1530 2647 1546 2678 1
1566 2647 1603 2679 1.

525 2696 785 2757 Incomptam
810 2697 1014 2743 Lacaenae

237 2762 368 2809 Morss
389 2778 547 2809 comam
571 2764 760 2823 religata
784 2764 950 2810 nodum.

171 2828 219 2876 P.
239 2846 352 2893 209.
388 2829 558 2893 Μόρφς]
597 2830 794 2893 Reperio
842 2830 1015 2894 (inquit
1050 2829 1268 2893 Cragius)
1314 2830 1360 2876 in
1395 2830 1473 2877 has
1508 2832 1783 2895 potiffimflm

102 2910 245 2958 partes
271 2896 489 2944 tributum
514 2898 639 2945 fuisse
671 2898 937 2956 exercitum,
974 2914 1074 2961 quae
1099 2898 1196 2944 sunt
1221 2898 1372 2956 Mora,
1411 2899 1583 2960 Lochos,
1623 2902 1784 2948 Pente-

101 2963 244 3025 costys,
280 2968 321 3009 δε
346 2965 588 3013 Enomotia.
647 2965 774 3028 Qot
796 2977 946 3011 autem
975 2965 1194 3011 exercitus
1218 2966 1427 3029 cujusque
1448 2963 1570 3032 μέζω]
1597 2967 1781 3028 fuerint,

101 3046 238 3076 nemo
262 3031 410 3089 tradit,
446 3049 529 3079 nec
552 3043 664 3095 puto
688 3032 812 3079 fuiffe
836 3033 1008 3095 semper
1031 3032 1225 3079 eundem
1251 3050 1510 3092 numerum,
1547 3035 1620 3081 sed
1646 3049 1783 3098 prout

101 3097 321 3144 exercitus
338 3099 528 3147 urbanus
543 3101 689 3161 major
710 3100 782 3146 vel
806 3100 974 3158 minor,
1000 3099 1060 3146 ita
1079 3099 1200 3146 haud
1225 3100 1361 3146 dubie
1382 3102 1505 3166 μάξῃ
1530 3102 1680 3165 plures
1705 3104 1780 3152 vel

100 3165 350 3226 pauciores,
411 3166 538 3213 Nam
562 3167 687 3231 quod
711 3167 831 3230 apud
855 3165 1167 3230 Xenophontem
1192 3167 1393 3214 scribitur
1411 3169 1499 3230 sex
1521 3169 1598 3230 effe
1622 3170 1777 3234 μόρφς,

100 3231 149 3277 id
175 3248 260 3289 ego
292 3231 577 3280 referendum
608 3247 718 3297 puto
749 3234 806 3281 ad
838 3252 937 3282 eam
971 3234 1316 3291 distinctionem,
1352 3235 1439 3297 qua
1472 3235 1601 3283 domi
1632 3237 1777 3286 distri-

100 3297 199 3347 buti
222 3312 344 3348 erant
366 3299 424 3347 ad
446 3300 654 3351 militiam
676 3319 757 3367 per
772 3300 910 3370 μρρρις
933 3303 1006 3353 seu
1032 3302 1189 3353 tribus.
1247 3300 1368 3352 Vide
1393 3301 1518 3368 supra
1544 3321 1592 3368 p.
1615 3320 1692 3367 30.
1747 3352 1750 3354 .

1651 3436 1774 3498 Ibid,
