2021 3825
232 252 357 340 328
616 244 1380 315 'NOTAE‘

294 397 344 445 P.
360 398 438 460 85.
475 395 776 460 Υπεςεφςονει]
787 397 913 444 Huic
934 397 1074 445 verbo
1099 397 1343 461 opponitur
1365 394 1411 446 τι)
1434 400 1650 463 σωφξονὲἷν,
1685 400 1810 463 quod
1830 402 1892 450 est

1719 468 1892 515 Πλοότω
1962 494 1998 513 ,,.·

225 463 327 510 vere
351 462 597 524 modesteque
606 465 792 523 sentire.
846 465 1007 511 Utitur
1029 466 1120 513 hoc
1142 464 1281 511 verbo
1308 465 1543 511 Herodotus

224 531 545 596 ὑπτςφςονέεποι.
588 531 782 577 Divitiis
804 541 1028 579 tumentes.
1066 531 1192 580 Vide
1213 531 1267 578 fis
1292 531 1461 579 dofflff.
1485 532 1666 595 Rophel.
1689 534 1748 581 ad
1766 536 1891 584 Rom.

220 615 261 646 c.
283 613 360 646 12.
397 614 441 644 v.
464 612 509 659 3.

290 665 341 713 P.
366 665 442 711 86.
487 663 639 725 Ησκει]
690 663 970 712 Intranfitiva
1002 662 1260 722 fignificatio
1292 667 1419 715 verbi
1454 667 1585 730 hujus
1627 685 1720 716 non
1753 669 1892 717 infre·
1953 639 2019 717 ἶ

219 748 362 796 quens
387 731 448 778 est
474 732 608 777 etiam
633 731 913 780 disertissimis
942 732 1213 780 auctoribUS.
1267 734 1393 781 Vide
1419 735 1599 797 Raphel.
1625 737 1683 783 ad
1708 738 1810 784 An.
1846 753 1887 784 c.

222 815 301 862 24.
337 816 381 845 v.
405 798 477 846 16.
513 799 592 846 ubi
615 798 672 846 de
695 799 783 846 hoc
805 800 946 847 verbo
969 800 1094 862 plura
1117 798 1262 845 adlata
1284 800 1398 849 sunt

287 866 408 915 Ibid.
445 867 649 931 Χξῖῐιθοᾳ]
684 866 758 914 Sic
785 866 878 915 fere
908 870 977 914 uti
1002 867 1217 913 adhibent
1241 867 1410 927 Latini,
1443 885 1527 932 pro
1557 870 1891 933 consuetudinem

220 951 327 981 cum
349 933 519 997 aliquo,
553 934 627 981 seu
652 938 940 982 commercium
965 933 1137 982 habere.
1175 934 1235 980 H.

286 1002 335 1048 P.
359 1005 438 1048 88.
482 998 787 1065 Δε-ισ-ιΜμων]
841 1001 1134 1049 Vocabulum
1173 1001 1234 1048 est
1265 1000 1404 1065 μέσον,
1450 1015 1584 1067 atque
1619 1003 1732 1051 adeo
1769 1020 1890 1051 nunc

222 1069 343 1114 laudi
365 1069 441 1127 est,
475 1084 594 1115 nunc
628 1072 755 1118 vitio.
809 1070 920 1118 Hoc
944 1081 1096 1116 autem
1115 1069 1218 1117 loco
1241 1081 1415 1133 partem
1443 1071 1491 1117 in
1513 1071 1748 1120 meliorem
1769 1073 1891 1119 acci-

220 1135 384 1200 pienda
409 1151 500 1182 vox
523 1137 596 1183 est.
642 1139 707 1185 H.

283 1202 407 1250 Ibid.
445 1201 570 1251 0⁷v'7m
594 1201 878 1267 εὐὲὶιίμθνωςῇ
1133 1205 1324 1264 Scilicet,
1361 1207 1697 1269 nltimasemper

347 1271 629 1334 ExpeHanda
652 1273 739 1319 dies
760 1273 924 1321 homini
940 1295 955 1324 .·
991 1276 1156 1337 dicique
1179 1274 1326 1320 beatus

349 1339 468 1385 Ante
492 1339 648 1386 obitum
672 1357 788 1388 nemo
798 1342 1084 1404 supremaque
1093 1343 1266 1404 funera
1290 1341 1424 1389 debet.
1495 1341 1627 1387 Ovid.
1656 1335 1782 1389 Men

284 1406 336 1454 Ρ.
353 1423 433 1469 90.
471 1410 599 1470 Αμφὶ
623 1410 671 1454 τὸ
698 1411 820 1470 σὲἔμςο
842 1410 1087 1471 φαυλότηπ]
1127 1409 1274 1457 Vestis
1306 1408 1702 1472 (Lacedaemoniis)
1739 1408 1890 1455 omni-

213 1473 298 1520 bus
327 1473 429 1519 vilis
461 1485 570 1533 erat,
614 1491 665 1521 ac
695 1486 869 1523 tantum
900 1493 1002 1539 quae
1036 1487 1290 1523 extremum
1323 1476 1463 1534 frigus
1496 1476 1754 1538 depelleret,
1796 1491 1890 1522 non

214 1558 318 1606 quae
340 1541 520 1605 corpori
544 1554 750 1589 ornatum
773 1543 972 1591 adderet.
1015 1545 1087 1590 Ac
1106 1543 1184 1590 tali
1207 1543 1394 1605 quidem
1414 1543 1531 1589 veste
1550 1542 1767 1605 Agesilaus
1786 1543 1891 1589 Rex

202 1607 500 1667 induebatur,
541 1626 633 1671 quo
665 1612 849 1657 nomine
882 1609 1048 1657 derisus
1084 1610 1140 1656 ab
1177 1609 1409 1673 AEgyptiis
1442 1614 1484 1655 δε
1514 1610 1624 1658 aliis.
1681 1610 1806 1657 Vide
1834 1610 1890 1657 fis

216 1677 349 1735 Crag.
378 1675 436 1722 de
461 1676 629 1723 Laced.
655 1677 839 1740 Repub.
867 1694 913 1740 p.
934 1692 1042 1742 251.
1079 1681 1120 1722 δε
1146 1676 1202 1724 C.
1225 1677 1333 1738 Nep.
1360 1677 1409 1723 in
1431 1676 1596 1734 Agefil.
1630 1693 1671 1722 c.
1690 1680 1732 1724 8.

281 1743 334 1790 Ρ.
353 1759 434 1806 93.
470 1742 795 1805 Te‘lsaeomzoe]
841 1744 937 1792 Hic
984 1742 1267 1807 (Agefilaus)
1304 1744 1412 1790 cum
1436 1759 1492 1790 ex
1513 1743 1708 1805 AEgypto
1737 1761 1886 1792 rever·

213 1821 398 1869 teretur,
441 1809 630 1858 donatus
662 1810 686 1858 a
715 1829 820 1871 rege
853 1812 1096 1860 Netianebe
1128 1811 1334 1858 ducentis
1365 1811 1525 1868 viginti
1554 1811 1748 1869 talentis,
1786 1829 1890 1874 quae

212 1880 288 1926 ille
309 1878 486 1925 muneri
509 1879 682 1942 populo
706 1879 780 1927 suo
802 1880 958 1935 daret3
993 1878 1265 1942 venissetque
1289 1879 1338 1925 in
1360 1880 1576 1942 portum,
1595 1879 1674 1941 qui
1695 1878 1890 1926 Menelai

212 1957 415 2004 vocatur,
447 1947 601 2008 jacens
622 1949 737 1994 inter
763 1948 951 2011 Cyrenas
975 1951 1018 1994 δε
1040 1946 1302 2010 AEgjsptum
1337 1946 1384 1993 in
1407 1946 1619 1992 morbum
1642 1945 1888 2008 implicitus

207 2014 404 2062 deceffit.
462 2014 536 2061 Ibi
569 2031 675 2061 eum
710 2016 861 2074 amici,
905 2012 998 2078 quo
1029 2014 1232 2075 Spartam
1266 2013 1437 2060 facilius
1469 2013 1665 2074 perferre
1696 2013 1888 2076 poffent,

213 2080 341 2146 quod
365 2081 457 2128 mel
486 2097 579 2128 non
604 2083 842 2141 habebant,
879 2083 979 2130 cera
1009 2081 1410 2141 circumfuderunt,
1447 2093 1580 2145 atque
1609 2080 1670 2127 ita
1693 2079 1887 2129 domum

211 2150 471 2197 retulerunt.
525 2150 623 2197 Cor.
648 2150 761 2212 Nep.
788 2151 835 2197 in
861 2149 1027 2208 Agefil.
1059 2167 1099 2195 c.
1119 2153 1162 2196 8.

280 2217 401 2264 Ibid.
446 2213 617 2269 Οἴκησ-ιν
658 2217 951 2280 ιφιτημέφετο]
998 2218 1071 2265 En
1113 2217 1372 2264 sententiam
1412 2216 1662 2263 Christiano
1702 2217 1888 2266 nomine

216 2285 399 2349 prorsus
428 2283 612 2342 dignam
635 2289 645 2334 ἔ

281 2354 330 2399 Ρ.
352 2369 433 2416 94.
472 2363 715 2401 ΧΕΝΟΦ.
753 2353 888 2420 Ιὲςων]
930 2354 988 2401 In
1017 2353 1105 2401 hoc
1136 2369 1272 2416 opere
1297 2351 1526 2398 Simonides
1559 2352 1718 2415 privati
1746 2352 1885 2400 vitam

212 2421 423 2483 explicat,
454 2423 495 2465 δε
519 2422 614 2481 ejus
638 2421 898 2480 commoda,
923 2434 999 2469 aut
1021 2422 1343 2474 incommodam
1379 2420 1516 2466 Hiero
1534 2420 1717 2466 viciflim
1741 2437 1882 2482 expo-

211 2489 280 2535 nit
303 2488 443 2534 vitam
461 2484 676 2549 Tyranni,
712 2492 754 2534 δε
777 2489 1014 2547 molestias,
1051 2500 1183 2551 atque
1211 2486 1518 2544 incommoda,
1554 2503 1655 2548 quae
1681 2502 1780 2532 eam
1803 2502 1885 2532 co-

211 2556 441 2602 mitantur.
498 2555 555 2600 In
580 2555 856 2617 exponendis
878 2567 1028 2602 autem
1049 2553 1324 2611 commodis,
1360 2557 1400 2598 δε
1425 2552 1745 2612 incommodis,
1782 2570 1886 2599 mo-

210 2623 363 2681 lestiis,
398 2625 440 2668 &
468 2622 789 2685 voluptatibus,
826 2639 928 2686 quae
956 2624 1011 2669 ab
1041 2621 1226 2669 homine
1259 2621 1578 2684 percipiuntur,
1620 2619 1792 2667 secutus
1824 2622 1887 2668 est

213 2689 442 2751 Xenophon
466 2688 692 2737 divisionis
716 2690 1015 2738 methodum:
1052 2690 1236 2753 partitus
1262 2688 1321 2734 est
1342 2687 1575 2734 hominem
1596 2687 1644 2732 in
1667 2688 1884 2747 animam,

211 2764 253 2805 &
283 2775 474 2820 corpus;
510 2757 558 2803 in
588 2774 660 2803 eas
693 2757 855 2804 scilicet
888 2769 1048 2820 partes,
1084 2774 1140 2803 ex
1164 2755 1326 2819 quibus
1359 2755 1553 2801 constat:
1592 2755 1768 2816 Corpus
1801 2755 1885 2801 dc-

212 2825 318 2887 inde
353 2824 537 2887 partitus
569 2825 628 2871 est
664 2825 711 2871 in
749 2842 820 2871 eas
855 2820 1017 2887 parteS,
1059 2824 1221 2887 quibus
1253 2822 1521 2886 voluptates,
1564 2833 1639 2868 aut
1673 2822 1885 2868 molestiae

212 2892 535 2956 percipiuntur,
571 2892 617 2936 in
642 2893 839 2955 quinque
867 2892 1075 2939 videlicet
1097 2890 1280 2950 Sensum
1314 2890 1474 2948 visum,
1510 2890 1588 2951 qui
1607 2891 1665 2935 ad
1695 2890 1850 2935 oculos
1865 2910 1882 2944 3

212 2959 433 3016 auditum,
469 2959 547 3021 qui
571 2959 626 3004 ad
656 2975 811 3014 aures,
800 2981 810 2989 ·
849 2959 1104 3017 odoratum,
1140 2958 1218 3021 qui
1250 2956 1306 3004 ad
1337 2972 1496 3009 nares;
1532 2956 1768 3015 gustatum,
1805 2957 1886 3019 qui

212 3028 270 3074 ad
300 3026 524 3089 palatum3
562 3029 604 3072 δε
626 3027 809 3084 tastum,
847 3028 925 3089 qui
957 3026 1013 3072 ad
1045 3039 1194 3072 totum
1223 3040 1384 3086 corpus
1417 3023 1636 3085 pertinet;
1676 3040 1776 3086 quae
1800 3040 1884 3071 vo-

209 3094 418 3156 luptates,
455 3110 556 3155 quae
593 3093 802 3139 molestiae
839 3094 1045 3139 homines
1084 3091 1421 3153 consequantur,
1467 3091 1573 3136 inde
1606 3091 1753 3136 docet.
1811 3091 1886 3138 Ita

213 3174 363 3208 tamen
396 3172 445 3206 ut
477 3161 705 3206 Simonides
738 3173 977 3223 anteponat
1008 3160 1112 3206 vitae
1147 3158 1330 3220 privatae
1361 3158 1501 3203 vitam
1534 3174 1709 3216 regum,
1745 3174 1883 3220 quam

211 3228 321 3275 dicit
347 3229 535 3288 majores
557 3227 804 3289 voluptates
830 3245 911 3290 per
933 3227 1124 3284 singulos
1148 3225 1248 3271 istos
1279 3224 1420 3272 sensus
1447 3226 1706 3288 percipere;
1744 3226 1883 3271 Hiero
1953 3268 1958 3271 μ
1992 3221 2021 3290 ,34

212 3294 365 3341 contra
398 3296 534 3340 vitam
570 3295 788 3356 privatam
819 3295 921 3342 vitae
955 3309 1112 3351 regum
1144 3304 1398 3354 anteponat,
1435 3296 1476 3337 δε
1499 3291 1646 3341 minus
1679 3292 1883 3338 miseram

212 3363 296 3409 effe
319 3363 481 3411 afferat.
536 3363 642 3410 Hoc
667 3362 869 3421 artificiO,
906 3379 955 3409 ac
978 3359 1256 3424 dispofitione
1279 3360 1416 3410 utitur
1442 3358 1684 3422 Xenophon.
1737 3359 1880 3405 Ordi-

1812 3437 1884 3473 tur
