2021 3825
633 258 1241 346 NOTAE.
1650 308 1782 376 329

89 432 171 477 mr
202 425 479 492 simpliciter,
513 430 558 474 δε
584 425 676 474 fine
707 425 835 484 fuco,
870 436 922 474 ut
952 424 1077 475 solet.
1137 426 1338 491 Exponit
1373 430 1649 490 occasionem
1683 446 1782 482 tan-

96 496 196 543 tum
221 513 313 559 quo
342 495 485 543 modo
519 495 713 542 instituta
737 493 874 541 fuerit
904 491 1004 540 haec
1028 492 1279 557 disputatio.
1340 496 1507 545 Narrat
1531 501 1784 551 Simonidem

95 562 209 610 olim
235 562 400 610 veniffe
429 562 487 609 ad
512 563 761 618 Hieronem,
798 564 841 607 δε
875 562 1057 608 ηειὲὶιιῐη
1092 564 1238 610 otium
1272 581 1329 611 ex
1361 582 1416 612 eo
1449 582 1783 629 percontatum,

94 642 166 688 ut,
197 629 378 694 quando
401 629 546 676 fuifl'et
568 628 679 675 olim
705 627 923 692 privatus,
952 629 1049 690 jam
1074 628 1183 677 vero
1208 643 1420 694 tyrannus
1444 634 1564 693 esset,
1597 635 1677 683 fibi
1699 637 1786 684 de·

91 696 300 756 clararet,
336 696 447 761 quid
469 696 585 742 inter
606 708 849 759 utrumque
874 697 980 744 vitae
1003 713 1142 755 genus
1167 699 1407 749 interesset.
1452 703 1510 750 P.

167 765 219 814 P.
237 779 319 831 94.
357 773 398 812 H
428 759 697 827 συρφννιιώς]
735 763 919 812 Notum
952 764 1030 821 est,
1063 762 1088 811 a
1114 765 1268 813 Priscis
1293 763 1502 832 περένναυς
1530 768 1674 816 ἀίἂοε
1699 771 1786 819 effe

97 847 235 892 reges.
296 828 536 893 Propterea
566 830 794 894 τυρφννυιός
825 830 947 896 λοβς
983 831 1106 892 (haec
1136 833 1259 880 enim
1292 851 1384 882 vox
1416 836 1782 897 subintelligitur)

96 899 212 946 mihi
245 913 340 945 non
373 898 434 946 est
468 898 599 945 Liber
636 901 908 961 tyrannicus,
950 897 1026 945 sed
1055 899 1186 945 Liber
1223 904 1384 963 regius,
1429 903 1520 949 five
1553 905 1602 949 de
1637 920 1785 964 regno.

95 963 286 1030 Qippe
310 981 404 1012 non
428 964 486 1013 de
510 966 778 1029 Tyrannide
799 965 878 1013 hic
902 966 1066 1025 agitur,
1100 966 1175 1013 sed
1214 972 1279 1029 (ut
1304 970 1429 1034 supra
1452 970 1675 1032 diximus)
1714 973 1787 1019 vi-

92 1045 143 1081 ta
171 1050 332 1092 regum
356 1049 463 1081 cum
497 1034 779 1097 privatorum
811 1033 1052 1081 hominum
1087 1034 1351 1084 conditione
1382 1050 1699 1101 comparatur:
1735 1051 1789 1087 ut

94 1101 260 1148 harum
293 1111 390 1148 utra
423 1101 600 1149 felicior
628 1101 699 1159 fit,
737 1105 780 1148 δε
810 1100 1066 1164 optabilior,
1113 1102 1338 1165 adpareat.
1401 1105 1521 1153 Haec
1553 1106 1677 1153 causa
1707 1107 1788 1167 est,

94 1183 180 1216 cur
203 1167 261 1215 ab
287 1169 464 1230 Erasmi
481 1167 655 1231 judicio
679 1169 728 1216 in
751 1169 884 1217 titulo
906 1169 1139 1217 reddendo
1164 1169 1447 1224 discesserim,
1491 1174 1542 1220 L.

167 1235 290 1284 Ibid.
328 1233 558 1301 Zcpwva'chss
582 1239 600 1285 ὃ
623 1234 808 1298 πτιηπὶς]
847 1238 1101 1285 Simonides
1140 1239 1311 1302 (inquit
1335 1240 1515 1304 Cicero)
1550 1258 1642 1288 non
1665 1243 1789 1290 enim

95 1317 232 1368 poeta
262 1302 406 1350 solum
438 1303 598 1361 suavis,
634 1303 793 1351 verum
827 1304 964 1351 etiam
990 1319 1148 1352 caetera
1178 1323 1360 1370 quoque
1390 1307 1569 1369 ἀοὲὶιιε,
1604 1309 1789 1373 sapiens·

95 1388 188 1437 que
212 1370 416 1419 traditur.
474 1372 602 1429 Lege
625 1371 678 1418 fis
705 1371 762 1418 de
786 1372 850 1419 N.
873 1372 938 1420 D.
970 1372 1052 1420 lib.
1072 1387 1117 1421 Ι.
1153 1389 1193 1419 c.
1216 1390 1295 1422 22.

165 1439 292 1488 Ibid.
330 1438 540 1502 Αφίκεπ]
578 1440 651 1485 Ex
677 1439 860 1486 Graecia
882 1440 930 1485 in
953 1439 1148 1485 Siciliam
1173 1441 1395 1502 pervenit.
1441 1443 1498 1489 P.

167 1505 290 1553 Ibid.
326 1504 580 1566 Εθελιὶααις]
624 1505 830 1567 Vellqsne,
867 1507 1082 1567 placetne.
1140 1506 1270 1555 Koa-122
1301 1507 1345 1557 τὸ
1377 1510 1544 1564 σι-ξὲπυν,
1579 1515 1795 1564 reveren-3

95 1573 210 1622 tiam
240 1572 412 1625 indicat
435 1572 662 1621 Simonidis
694 1590 800 1635 erga
832 1590 1017 1634 regem3
1054 1591 1148 1623 non
1179 1575 1390 1641 imperat,
1425 1577 1500 1626 sed
1530 1579 1607 1639 ait,
1644 1581 1695 1627 Si
1724 1584 1792 1628 ita

90 1641 252 1707 placet.
301 1642 356 1689 P.

172 1709 294 1757 Ibid.
333 1707 419 1772 Καὶ
442 1714 554 1759 ποῖοι
575 1711 683 1773 &c.]
722 1711 1070 1760 Humanitatem
1095 1714 1300 1762 Hieronis
1315 1714 1622 1762 commendat
1645 1713 1792 1762 Xeno·

92 1775 230 1842 phem,
268 1778 375 1825 facit
398 1795 505 1826 eum
530 1796 610 1842 par
633 1779 728 1842 pari
753 1779 934 1827 referre.
993 1782 1225 1828 Simonides
1256 1795 1486 1830 reveretur
1515 1783 1792 1846 majestatem

99 1846 272 1905 regiam
287 1866 303 1902 ;
342 1847 479 1892 Hiero
503 1846 613 1894 colit
637 1848 787 1894 Poetae
812 1848 1082 1910 sapientiam.
1126 1851 1183 1897 P.

170 1913 319 1976 P.96.
357 1917 443 1961 Διὰ
471 1909 518 1960 h*
545 1918 620 1962 τῶν
647 1911 773 1967 ὤτων,
810 1916 920 1977 &c.]
960 1916 1115 1963 Sensus
1155 1917 1326 1980 (inquit
1353 1916 1533 1981 Cicero)
1570 1919 1792 1982 interpre-

100 1993 188 2040 tes,
224 1997 276 2028 ac
306 1981 452 2027 nuntii
476 1999 647 2040 rerum,
685 1982 733 2028 in
758 1983 918 2045 capite>
957 1995 1169 2047 tanquam
1195 1985 1243 2030 in
1273 2002 1391 2043 arce,
1429 1985 1620 2034 mirifice
1648 1987 1706 2033 ad
1735 2003 1794 2033 u-

99 2050 172 2099 sus
195 2048 457 2096 necessarios
483 2053 525 2096 <Sc
549 2049 671 2108 fasti,
699 2053 741 2095 &
760 2050 966 2097 collocati
992 2052 1102 2098 sunt.
1152 2051 1282 2100 Nam
1307 2053 1433 2110 oculi,
1460 2067 1670 2118 tanquam
1696 2053 1793 2117 spe-

100 2117 344 2176 culatores,
380 2116 632 2165 altiffimum
667 2116 822 2164 locum
855 2118 1091 2167 obtinent:
1135 2136 1191 2166 ex
1220 2136 1313 2183 quo
1345 2120 1540 2184 plurima
1572 2122 1792 2186 conspici-

100 2199 246 2244 entes,
273 2185 514 2242 fungantur
538 2185 615 2232 suo
640 2202 839 2232 munere.
891 2186 950 2233 Et
975 2202 1120 2246 aures,
1146 2185 1252 2234 cum
1274 2188 1429 2234 sonum
1454 2189 1683 2252 percipere
1709 2188 1793 2236 de-

101 2252 256 2310 beant,
292 2253 368 2315 qui
395 2252 548 2300 natura
573 2252 758 2299 sublime
784 2253 942 2312 fertur,
978 2254 1097 2300 reete
1122 2255 1169 2300 in
1199 2254 1299 2301 altis
1325 2270 1566 2317 corporum
1592 2255 1794 2319 partibus

101 2321 338 2383 collocatae
370 2320 480 2366 sunt.
543 2320 753 2384 Itemque
785 2337 929 2378 nares,
974 2319 1029 2368 eo
1062 2319 1188 2384 quod
1221 2323 1368 2368 omnis
1401 2322 1518 2369 odor
1552 2323 1608 2370 ad
1639 2324 1795 2386 supera

103 2388 264 2446 fertur,
303 2386 423 2434 recte
448 2386 619 2434 sursum
644 2388 768 2434 sunt:
809 2393 849 2434 &
874 2386 998 2450 quod
1023 2389 1113 2436 cibi
1139 2393 1181 2435 δε
1200 2390 1395 2452 potionis
1414 2390 1639 2452 judicium
1664 2407 1794 2449 mag-

103 2472 218 2505 num
251 2471 405 2502 earum
436 2455 514 2512 est,
550 2472 644 2501 non
674 2455 763 2501 fine
789 2456 912 2502 causti
944 2457 1221 2505 vicinitatem
1252 2458 1340 2504 oris
1370 2457 1528 2504 secutae
1560 2458 1674 2505 sunt.
1732 2459 1796 2507 Et

103 2522 272 2571 deinde
301 2522 358 2569 de
387 2523 559 2571 caeteris
589 2522 778 2571 sensibus
810 2523 1014 2572 accurate
1047 2525 1202 2573 trastat
1228 2524 1394 2583 Cicera,
1431 2541 1569 2588 quem
1602 2524 1700 2576 vid.
1734 2525 1801 2575 de

105 2591 170 2639 N.
192 2591 257 2639 D.
288 2589 366 2637 lib.
386 2607 428 2638 2.
465 2607 506 2638 c.
527 2591 604 2654 56.

174 2658 296 2706 Ibid.
335 2654 634 2722 Επις-οέμεῇα]
669 2659 773 2707 Scil.
803 2657 825 2706 Ξ
851 2658 1004 2707 natura
1027 2659 1117 2723 ipsa
1141 2659 1281 2719 doffi,
1313 2671 1363 2711 ut
1387 2676 1527 2720 genus
1550 2659 1794 2709 hominum

103 2727 454 2783 conservaretur,
492 2742 542 2771 ac
567 2740 900 2788 propagaretur.
947 2729 1005 2776 P.

174 2792 299 2841 Ibid.
337 2793 591 2854 Επόιόπῖς]
631 2792 732 2839 δ’[ἰί.
764 2810 818 2841 ex
845 2811 1004 2841 eorum
1029 2791 1161 2841 sensu.
1206 2794 1263 2842 P.

175 2860 300 2910 Ibid.
339 2859 547 2923 AJaJok]
587 2860 704 2926 Qae
729 2876 822 2908 non
846 2873 1088 2911 cernuntur
1108 2863 1223 2923 jam,
1257 2861 1332 2911 sed
1355 2862 1507 2913 animo
1530 2865 1793 2930 percipiun-

104 2938 195 2979 tur.
240 2930 299 2978 P.

177 2995 297 3043 Ibid.
335 3006 458 3047 0an
481 2992 525 3058 5,
563 2994 672 3058 &c.]
710 2997 787 3043 An
811 2996 976 3045 recessu
1000 2997 1219 3056 sanguinis
1244 2998 1291 3046 in
1315 3016 1467 3060 venas,
1499 3011 1550 3047 ut
1571 2999 1793 3051 Alcmaeon

262 3080 318 3109 an
346 3064 505 3110 caloris
531 3064 867 3122 refrigeratione
893 3064 1090 3124 modica,
1127 3079 1177 3113 ut
1202 3067 1468 3130 Empedocles
1484 3094 1553 3103 -——
1570 3084 1626 3114 an
1650 3084 1792 3131 vapo‘

109 3131 251 3188 tibus,
289 3130 367 3193 qui
393 3147 450 3177 ex
483 3131 665 3178 thorace
694 3145 827 3196 caput
858 3144 1034 3196 petunt,
1071 3137 1114 3179 δε
1137 3135 1471 3191 refrigeratione
1502 3134 1677 3193 caloris,
1714 3133 1795 3198 qui.

106 3199 174 3244 est
198 3198 243 3244 in
275 3197 430 3254 corde,
466 3210 516 3244 ut
540 3200 806 3261 Aristoteles.
865 3201 1207 3264 Simplicitatem
1231 3203 1402 3250 secutus
1429 3200 1673 3265 Xenophon,
1707 3217 1791 3248 no-

110 3264 198 3315 luit
221 3264 408 3311 inserere
432 3263 642 3322 dogmata
667 3267 919 3316 obscuriora
944 3270 1081 3330 petita
1103 3285 1158 3315 ex
1181 3268 1329 3315 media
1353 3269 1549 3331 Physica.
1597 3271 1655 3317 P.

183 3331 305 3380 Ibid.
344 3329 429 3393 Ka)
455 3327 571 3395 ᾧτινι
599 3331 674 3394 καὶ
698 3331 860 3396 Enim]
896 3335 997 3382 Scil.
1034 3336 1253 3395 sanguinis
1285 3337 1481 3393 recessu3
1517 3337 1689 3401 spiritfis
1719 3353 1791 3384 re-

113 3399 328 3463 miffione.
383 3394 553 3455 Onv'vt:
589 3399 719 3452 initio
740 3402 902 3461 somni,
936 3419 993 3451 an
1015 3403 1184 3451 medio.
1229 3403 1286 3453 P.

1055 3470 1103 3516 T
1136 3481 1158 3518 t
1638 3470 1689 3518 P.
1708 3474 1789 3535 98.
