2021 3825
637 275 1245 347 NOTAE.
1649 305 1786 376 337

103 431 383 482 institutione
417 428 640 478 haeserint.
706 424 849 475 Unde
879 430 922 474 δε
953 427 1154 488 instituta
1189 426 1326 486 diota,
1366 428 1440 476 seu
1474 432 1697 492 χμθεςέόπι,
1734 445 1786 484 ut

106 512 241 548 vocat
265 499 502 562 Isocrates.-
539 496 611 544 seu
640 493 915 556 ηφθεςῆκςπι,
951 509 1003 541 ut
1030 508 1161 542 vocat
1188 493 1502 557 Demosthenes,
1537 500 1609 546 vel
1641 504 1790 555 {man-

108 564 328 631 δὲόρμπε,
364 577 415 615 ut
436 561 714 613 Plutarchus.
768 562 840 610 Sic
863 562 998 610 etiam
1023 563 1188 610 Noster
1208 563 1352 626 supra,
1388 567 1444 611 τὰ
1470 563 1790 631 ἐπιτηδὶᾶμᾳτκ

107 637 150 684 ῗ
175 634 465 699 Eme-umbi».
519 629 645 678 Vide
670 629 804 689 Crag.
828 628 886 677 de
908 630 1088 692 Repub.
1114 630 1281 677 Laced.
1308 649 1352 693 p.
1377 632 1483 681 168.

179 703 228 749 P.
253 702 360 749 168.
395 710 558 748 Eos-awa
579 693 629 746 (N
654 697 799 761 δ>όμ9υ
823 697 931 759 &c.]
951 697 1069 745 Hoc*
1099 697 1268 761 (inquit
1290 700 1508 762 Cragius)
1544 717 1790 765 corporum

107 768 377 818 exercitium
408 766 586 828 utrique
608 763 730 812 sexui
761 780 1005 813 commune
1030 764 1115 811 effe
1139 765 1256 827 juffit
1279 767 1536 824 Legissator.
1592 770 1684 816 Sub
1709 789 1790 820 ro·

110 837 236 885 boris
258 832 594 892 certaminibuS,
622 832 780 878 lutiam
805 832 908 897 disci
929 837 972 879 δε
993 833 1074 879 teli
1084 834 1251 897 jaftum
1276 833 1483 892 intelligit
1506 835 1685 886 Noster.
1736 840 1790 888 1-

108 904 221 952 dem
252 900 388 950 tradit
423 900 573 947 Cicero
610 899 797 948 Tuscul.
820 916 864 947 2.
926 900 1017 958 Illi,
1053 900 1216 964 inquit,
1262 904 1336 963 qui
1370 903 1567 949 Graeciae
1592 894 1796 964 formant

112 969 378 1032 Rerumpub.
419 968 640 1026 dederunt,
689 978 862 1030 corpora
885 969 1099 1030 juvenum
1124 967 1314 1030 firmari
1347 970 1494 1016 robore
1529 971 1754 1021 voluerunt
1772 992 1794 1024 .·

112 1038 246 1101 Qod
270 1037 513 1099 Spartiatae
546 1039 676 1081 etiam
710 1038 756 1081 in
782 1035 998 1096 faeminas
1029 1034 1363 1097 transtulerunt,
1399 1053 1498 1100 quse
1535 1043 1706 1086 caeteris
1742 1045 1794 1090 in

113 1105 290 1154 urbibus
311 1102 535 1165 mollzffimo
559 1102 675 1149 cultu
697 1105 916 1165 parietum
940 1100 1095 1149 umbre?
1125 1104 1388 1153 occuluntur.
1449 1105 1524 1151 Illi
1546 1117 1688 1154 autem
1712 1125 1793 1156 vo-

113 1174 291 1222 luerunt
317 1170 438 1218 nihil
461 1169 611 1217 horum
630 1169 774 1233 stmile
799 1169 875 1232 effi
905 1172 1022 1233 apud
1042 1171 1250 1217 Lacaenas
1277 1175 1486 1233 virgines,
1520 1176 1669 1236 quibus
1699 1194 1795 1224 ma-

108 1241 182 1304 gis
198 1239 427 1304 palaestra,
463 1238 669 1296 Eurotas,
690 1237 778 1299 sol,
807 1236 972 1299 pulvis,
1006 1238 1167 1285 militia
1191 1242 1238 1286 in
1256 1240 1399 1301 studio
1426 1242 1501 1301 est,
1535 1241 1662 1303 quam
1681 1245 1796 1306 fier.

113 1309 259 1356 tilitas
283 1307 485 1354 barbara.
546 1306 662 1367 Ergo
689 1305 757 1352 his
778 1306 990 1368 laboriosts
1014 1309 1391 1354 exercitationibus
1423 1306 1481 1355 ἔθ’
1511 1310 1625 1356 dolor
1649 1314 1797 1361 inter..

114 1379 262 1423 currit
301 1389 611 1436 nonnunquam.
680 1373 980 1434 Impelluntur,
1010 1375 1250 1434 feruntur,
1294 1376 1575 1438 abjiciuntur,
1614 1380 1796 1439 cadunt,

116 1440 178 1491 ὅ
201 1442 288 1505 ipse
316 1442 436 1488 labor
459 1440 577 1503 quast
610 1440 762 1486 callum
787 1440 987 1502 quoddam
1018 1441 1182 1486 obducit
1206 1442 1352 1491 dolori.
1410 1444 1528 1492 Haec
1561 1444 1648 1492 ille.
1703 1448 1796 1497 Sed

117 1509 327 1557 describit
366 1508 464 1555 haec
503 1507 712 1555 exercitia
746 1511 787 1554 &
820 1508 1062 1557 certamina
1098 1508 1326 1569 virginum
1362 1512 1617 1574 Propertius
1647 1513 1726 1563 lib.
1746 1532 1797 1579 3.

117 1576 248 1639 Eleg.
284 1576 362 1623 ubi
388 1575 446 1623 fic
470 1576 559 1624 aitt

251 1642 405 1693 Multa
427 1655 537 1702 tuce,
574 1643 747 1704 Sparte,
783 1645 995 1691 miramur
1006 1644 1116 1709 jura
1130 1646 1357 1709 palestrae‚

319 1710 408 1758 Sed
424 1710 544 1771 mage
567 1713 758 1771 virginei
781 1721 843 1756 tot
866 1713 971 1758 hona
987 1713 1213 1775 gymnasii.

250 1777 385 1842 ‘de
400 1795 479 1825 non
504 1779 687 1839 infames
709 1790 879 1825 exercet
906 1791 1074 1842 corpore
1095 1781 1261 1841 laudes,

321 1847 447 1894 Inter
467 1846 675 1893 luctantes
696 1845 807 1894 nuda
826 1846 971 1908 puella
995 1850 1127 1897 viros.

256 1913 407 1977 Qum
424 1914 519 1976 pila
545 1914 701 1960 veloces
713 1914 849 1975 fallit
869 1911 950 1976 per
972 1914 1153 1962 brachia
1161 1916 1331 1978 jae‘t'us,

322 1982 524 2042 Increpat
545 1978 603 2028 &2⁵
628 1980 744 2043 verfi
766 1981 900 2028 clavis
923 1982 1090 2029 adunca
1114 1982 1285 2031 Trochi.

259 2048 655 2112 Pulverulentaque
679 2048 740 2095 ad
757 2059 974 2096 extremas
985 2050 1080 2112 stat
1089 2052 1287 2113 faemina
1311 2060 1462 2111 metas,

324 2118 387 2164 Et
403 2119 580 2179 patitur
603 2116 706 2163 duro
732 2116 914 2164 vulnera
932 2122 1178 2178 pancratio.

259 2183 391 2231 Nunc
413 2184 522 2245 ligat
547 2184 607 2230 ad
623 2185 792 2246 caestum
806 2185 1042 2244 gaudentia
1065 2186 1245 2233 brachia
1266 2186 1389 2246 loris,

327 2251 487 2312 Mzffile
511 2268 622 2299 nunc
644 2251 747 2313 disci
766 2252 923 2314 pondus
945 2255 993 2299 in
1017 2254 1114 2300 orbe
1133 2264 1268 2303 rotat.

125 2319 441 2369 Meminerunt
475 2323 516 2366 <Sc
546 2319 619 2366 alii
651 2319 898 2382 Scriptores
930 2319 1095 2383 plures,
1130 2322 1210 2385 qui
1244 2321 1414 2370 causam
1449 2320 1584 2385 hujus
1619 2323 1806 2376 instituti

113 2387 315 2434 eandem
341 2403 498 2434 omnes
521 2386 715 2434 reddunt
728 2407 743 2441 3
774 2385 1023 2448 judicantes
1047 2387 1276 2448 videlicet,
1311 2388 1401 2437 hoc
1424 2389 1480 2436 ad
1503 2393 1702 2454 corporis
1724 2412 1801 2442 ro-

127 2455 213 2502 bur
252 2454 526 2519 potiffimum
564 2453 786 2504 conferre.
858 2455 983 2505 Vide
1017 2455 1143 2520 plura
1179 2474 1280 2522 quae
1319 2458 1530 2517 congeffit
1566 2460 1701 2523 Crag.
1740 2463 1806 2512 de

125 2522 191 2572 R.
220 2522 280 2571 L.
358 2559 368 2571 .
427 2522 500 2570 16.

196 2537 474 2637 Ibidpoi‘ae'ros
504 2593 600 2643 ταῖς
623 2589 804 2655 θηλείαις
838 2590 949 2653 &c.]
988 2589 1095 2657 Q&
1128 2590 1314 2656 respexit
1337 2593 1598 2641 Claudianus
1631 2596 1708 2647 lib.
1741 2596 1802 2646 de

127 2657 298 2706 Manlii
322 2657 527 2705 ‘Theodori
550 2659 794 2718 consulatu,
830 2660 906 2706 ubi
932 2659 987 2707 de
1012 2661 1099 2707 hoc
1121 2661 1317 2708 instituto
1341 2662 1569 2725 loquitur:

263 2729 494 2787 Spartanis
511 2730 654 2787 potuit
679 2728 810 2773 robur
825 2729 1040 2789 praestare
1061 2728 1279 2791 Lycurgus

263 2793 505 2851 Manibus,
541 2792 767 2855 &sexum
792 2795 900 2854 leges
923 2793 1067 2841 vice're
1079 2796 1268 2857 sevena.

196 2859 385 2925 P.169.
421 2866 552 2924 Εῇνικε
588 2859 685 2926 φοὲς,
729 2858 942 2922 ou'cst‘iofflq
981 2862 1087 2923 &c.]
1133 2863 1240 2911 Erat
1273 2862 1362 2910 hoc
1396 2861 1660 2923 institutum,
1703 2863 1803 2914 tum

130 2927 336 2990 pudoris,
371 2928 469 2976 tum
506 2929 748 2975 sobrietatis
784 2933 826 2975 δε
859 2929 1061 2976 castitatis
1095 2931 1303 2993 quaedam
1338 2930 1590 2980 meditatio.
1649 2932 1804 2994 Hujus.

129 2995 314 3043 instituti
338 2998 528 3043 eandem
548 2997 768 3043 rationem
791 2996 940 3043 reddit
961 2997 1018 3043 de
1043 2997 1221 3060 Sponfis
1246 2996 1522 3046 Plutarchus.

202 3061 322 3109 Ibid.
356 3066 510 3120 Επιξεν
543 3064 588 3112 ἀι
619 3068 790 3124 ἀκμαῖς
823 3062 929 3125 &c.]
969 3065 1133 3111 Noluit
1168 3065 1429 3125 Legissator,
1471 3065 1640 3129 (inquit
1664 3065 1804 3128 Crag.

129 3128 191 3177 de
230 3129 289 3175 R.
315 3130 371 3177 L.
406 3132 601 3192 pazo.)
645 3134 768 3178 cives
801 3132 899 3179 suos
937 3133 1020 3179 effe
1057 3133 1259 3191 coelibes,
1299 3151 1383 3181 nec
1421 3147 1569 3180 tamen
1606 3134 1807 3196 permisit

129 3197 296 3254 cuiviS,
331 3215 422 3260 quo
445 3199 580 3245 vellet
605 3216 721 3245 anno
756 3201 895 3246 aetatis
916 3216 1106 3248 uxorem
1130 3201 1311 3249 ducere.
1370 3202 1531 3247 Annus
1553 3212 1700 3248 autern
1726 3201 1808 3266 qui

130 3263 267 3311 fuerit
291 3280 382 3310 non
408 3266 603 3313 invenio,
661 3269 707 3312 Si
731 3267 1025 3315 divinandum
1061 3269 1121 3315 est
1145 3269 1192 3314 in
1224 3286 1272 3315 re
1307 3268 1506 3326 obscura,
1540 3267 1674 3315 fuerit
1705 3284 1808 3318 mea

131 3331 362 3389 sententia,
397 3334 432 3378 is
464 3330 598 3396 paulo
622 3334 735 3380 ultra
769 3334 896 3382 illum
922 3351 1107 3393 annum,
1142 3352 1233 3398 quo
1268 3336 1383 3381 inter
1404 3337 1525 3383 viros
1555 3335 1805 3384 refereban-

133 3409 224 3460 tur,
259 3399 338 3464 qui
368 3412 461 3450 erat
490 3400 630 3450 aetatis
664 3400 926 3461 trigesimus.
987 3403 1112 3451 Sicut
1145 3407 1186 3449 δε
1211 3401 1331 3468 apud
1353 3403 1575 3452 Platonem
1598 3403 1636 3450 is
1664 3416 1807 3451 annus

1071 3468 1121 3517 U
1156 3484 1188 3520 u
1654 3468 1803 3539 praefi·
