2021 3825
618 251 1227 323 NOTAE.
1438 259 1440 261 ’
1633 281 1769 354 327

154 404 204 454 P.
224 404 302 454 66.
342 406 496 468 xiima,
526 403 638 467 &c.]
673 403 818 466 Atque
841 400 915 449 hic
936 411 1086 449 tantus
1109 405 1204 462 vir,
1237 412 1287 449 ut
1308 413 1512 453 naturam
1521 406 1771 468 fautricem

87 473 301 521 babuerat
325 476 371 520 in
404 472 643 520 tribuendis
670 473 813 517 animi
833 471 1091 529 virtutibus,
1113 469 1182 534 sic
1206 470 1440 533 maleficam
1469 481 1617 521 nattus
1641 479 1771 538 estin

88 553 261 603 corpore
277 541 499 603 fingendo.
556 538 672 584 Nam
696 535 756 585 ἔθ’
773 536 961 598 statarii
974 539 1078 598 fuit
1107 537 1281 596 humili,
1315 536 1372 588 ἔθ’
1396 551 1568 601 corpore
1596 548 1768 606 exiguo,

87 606 146 657 {5⁹
171 608 341 655 (haedus
365 608 504 654 altero
521 606 640 669 pede.
685 605 744 653 C.
770 605 899 669 Nep.
925 607 972 652 iri
997 605 1154 667 Agcfil.
1187 623 1227 654 c.
1246 609 1290 653 8.

158 677 209 724 P.
231 676 311 740 69.
349 671 553 723 Ενᾶὶῶῖτυ
579 671 686 733 &e.]
726 673 784 721 C.
805 673 914 736 Nep.
942 673 989 720 in
1015 672 1186 733 Agefil.
1217 690 1258 720 c.
1278 688 1320 738 ς.
1357 673 1472 721 Idem
1500 676 1767 740 (Agesilaus)

88 741 183 791 cunt
209 742 474 805 adversarios
493 744 618 787 intra
639 744 801 788 moenia
823 740 1093 804 compuliſjet,
1128 737 1189 788 &⁵
1209 751 1259 786 ut
1279 740 1534 789 Corinthum
1557 756 1773 807 oppugna--

88 821 175 869 ret,
211 810 339 856 multi
366 808 685 863 hortarentur3
723 812 899 870 negavit
922 809 973 854 id
991 809 1094 869 suae
1117 811 1282 855 virtuti
1306 813 1562 859 convenire.-
1601 817 1694 875 “se
1725 832 1772 862 e,

88 882 178 924 nim
209 893 303 924 eum
334 876 429 938 effi’,
465 877 600 935 dixit,
636 879 710 938 qui
742 877 804 922 ad
834 877 1011 936 officium
1041 885 1266 937 peccantes
1289 876 1432 924 redire
1461 891 1644 940 cogeret,
1687 899 1770 931 non

91 948 167 1008 qui
189 945 312 991 urbes
338 943 606 1005 nobilzffimas
632 954 899 1006 expugnaret
921 943 1175 991 Graeciae.‘’

155 1013 303 1075 P.73.
340 1012 574 1073 Βοιστλέως]
611 1012 864 1072 Persarum,
900 1008 1162 1076 ,(φῐέξοχῆν.

159 1081 207 1126 Ρ.
226 1096 252 1141 7
262 1095 305 1143 5.
343 1076 604 1141 Aeffliinfflq
635 1080 653 1125 ὅ
679 1080 940 1143 Ηςρικλὲους,
973 1079 1085 1141 &c.]
1121 1079 1158 1126 F
1162 1076 1356 1126 alluntur
1380 1080 1660 1144 interpreteS,
1695 1085 1774 1148 qui

89 1147 401 1209 Aristodemum
443 1148 564 1194 hunc
604 1147 820 1194 Herculis
846 1146 998 1209 filium
1036 1146 1275 1209 adpellent.
1349 1147 1574 1196 Hercules
1617 1153 1775 1215 utique

89 1215 288 1278 Hyllum
313 1216 496 1272 genuit3
534 1215 725 1278 Hyllus,
753 1214 1019 1262 Cleodaeum
1032 1234 1050 1269 3
1090 1214 1349 1274 Cleodaeus,
1375 1217 1738 1268 Aristomachum
1753 1238 1771 1277 3

88 1281 183 1339 hic,
220 1282 574 1329 Aristodemum.
616 1283 685 1330 H.
969 1293 974 1296 ”
1144 1322 1149 1332 ,

158 1351 209 1398 Ρ.
229 1350 309 1411 76.
347 1352 544 1398 nomm&
567 1349 768 1415 χρονοὶθξε]
803 1348 1056 1412 Ejusmodi,
1082 1348 1133 1401 ὥς
1153 1350 1304 1410 γ’ἒμρὶ
1328 1346 1451 1405 iona,
1482 1353 1645 1416 (inquit
1670 1354 1769 1402 Cel.

91 1415 279 1476 Hutch.)
325 1418 586 1463 canathrum
623 1416 747 1475 vult,
795 1433 887 1480 quo
924 1420 1099 1477 πλῖποι
1135 1417 1351 1478 quilibet,
1398 1419 1566 1466 etiamsi
1605 1421 1772 1470 fuerint

37 1482 42 1485 ’
86 1484 269 1546 privati,
306 1486 409 1530 vehi
433 1485 642 1531 solebant.
694 1484 832 1531 Adde
856 1483 907 1530 fis
933 1501 1036 1549 quae
1060 1501 1118 1531 ex
1142 1483 1237 1530 aliis
1260 1485 1560 1548 Scriptoribus
1585 1490 1770 1548 conges-

88 1550 140 1596 fit
168 1551 256 1597 Vir
275 1551 445 1600 dottiff.
486 1552 627 1614 Apud
651 1552 813 1600 Athen.
850 1551 882 1600 l.
901 1567 951 1615 4.
989 1569 1029 1600 c.
1051 1551 1098 1601 6.
1133 1552 1326 1610 legimus
1351 1555 1548 1618 Πολέμων
1573 1552 1621 1602 δὲ*
1642 1557 1687 1604 οἷν
1712 1554 1780 1619 τῷ

89 1621 208 1683 ποιξδι
229 1617 432 1682 ΞενοφῶνἾι
457 1623 633 1682 &wadego
652 1623 735 1667 &c.
772 1620 892 1665 Scias
910 1629 1060 1668 autem
1082 1619 1234 1681 (verba
1251 1619 1349 1666 sunt
1373 1621 1584 1672 eruditiff.
1605 1624 1773 1686 Casuu-

87 1685 217 1748 boni)
263 1687 499 1732 obscurum
541 1686 668 1734 fuisse
704 1686 896 1751 antiquis
936 1687 1101 1734 criticis
1127 1686 1415 1750 Xenophontis
1437 1689 1558 1738 hunc
1583 1691 1735 1740 locum
1753 1714 1772 1749 3

89 1753 271 1816 quando
297 1753 494 1799 Polemon
518 1755 643 1802 vocis
667 1754 857 1819 ιφινοέἓξε
887 1754 1302 1818 interpretationem
1327 1755 1503 1815 integro
1533 1775 1772 1807 commen-

89 1821 203 1867 tario
229 1834 321 1867 erat
353 1821 656 1883 persequutus.
694 1821 936 1869 Athenaeus
967 1819 1103 1886 paulo
1131 1822 1228 1885 post
1266 1825 1384 1887 (cap.
1403 1825 1470 1887 7.)
1507 1842 1563 1873 ex
1588 1827 1776 1890 Didymo

90 1886 419 1935 Grammatico
446 1885 637 1953 »(ᾳῖνσιῖςυον
674 1889 991 1954 interpretatur
1023 1886 1267 1954 χριμᾳξωτόν
1294 1892 1446 1949 ξύλινον
1477 1890 1617 1958 ἑίςμθι,
1664 1897 1696 1945 i.
1722 1914 1767 1946 e.

89 1971 266 2001 currum
300 1956 487 2015 ligneum
507 1957 800 2017 fornicatum.
859 1957 1059 2004 Homeri
1090 1958 1352 2021 interpretes
1382 1959 1496 2006 nihil
1534 1962 1655 2009 aliud
1685 1965 1773 2012 effe

88 2023 264 2081 volunt,
297 2022 376 2070 nifi
401 2039 537 2086 quem
562 2023 798 2071 Homerus
827 2023 1011 2090 πάςινῖκ
1044 2029 1087 2071 &
1112 2021 1345 2091 ὁπτξτεφίην
1366 2039 1529 2083 vocat3
1565 2029 1688 2090 (vide
1712 2032 1770 2081 Il.

90 2113 135 2138 ω.
177 2091 307 2153 190.)
361 2090 512 2137 Latini
543 2104 715 2139 veteres.
751 2092 1013 2153 ploxemunt,
1055 2104 1132 2139 aut
1165 2093 1316 2155 potius
1341 2094 1599 2156 strpiculum
1616 2117 1635 2145 .·
1681 2099 1773 2147 hoc

89 2158 214 2205 enim
238 2158 263 2204 ἐ
287 2158 403 2206 vitili
426 2159 609 2206 materia
634 2159 874 2219 constabat,
898 2171 949 2207 ut
970 2165 1011 2207 Sc
1033 2159 1308 2219 canuthrum,
1335 2179 1392 2209 ex
1415 2180 1573 2210 eorum
1596 2166 1773 2213 senten-

90 2226 170 2284 tia,
207 2226 284 2288 qui
307 2229 497 2286 πλὲγρωο
522 2231 564 2273 3c
582 2223 744 2286 ,ψιόιῖυν
770 2228 1086 2290 exposuerunt.
1142 2228 1308 2277 Athen.
1344 2229 1377 2278 l.
1397 2246 1447 2292 4.
1485 2248 1526 2280 e.
1544 2232 1589 2280 6.
1626 2234 1775 2283 innuit

93 2294 389 2341 Polemonem
415 2293 471 2339 de
494 2294 705 2341 canathro
730 2295 1064 2358 Xenophonteo
1089 2297 1466 2344 commentarium
1490 2299 1712 2362 scripfiffe.

160 2360 284 2406 Ibid.
321 2358 481 2426 Κοιτῇει
507 2364 558 2413 ἐις
578 2362 828 2426 Audenam]
868 2363 993 2410 Urbs
1016 2362 1103 2410 fuit
1127 2363 1412 2426 Peloponnesi,
1450 2366 1772 2417 Lacedaemoni

90 2425 151 2474 fic
173 2427 338 2487 vicina,
374 2441 424 2474 ut
456 2442 556 2491 pars
589 2430 686 2491 ejus
710 2428 734 2478 ὲ
756 2430 1019 2494 quibusdam
1054 2430 1203 2478 habita
1233 2430 1300 2478 fit.
1356 2432 1429 2479 lbi
1462 2432 1621 2481 festum
1648 2437 1772 2500 Hya-

92 2493 354 2541 cinthiorum
387 2496 667 2544 celebrabant
699 2499 904 2546 Lacones
915 2535 930 2557 ,
966 2502 1028 2556 δε,
1066 2497 1178 2545 dum
1199 2499 1429 2558 agebatur,
1471 2503 1611 2548 moris
1645 2503 1773 2553 fuiffe

93 2561 161 2611 ἐπὶ
192 2562 387 2627 κρινοίῖρου
417 2563 658 2629 πομπεύειν,
693 2565 841 2613 scribit
865 2564 1030 2615 Athen.
1066 2565 1099 2614 l.
1119 2581 1169 2628 4.
1205 2583 1244 2613 C.
1263 2583 1311 2630 7.
1358 2568 1422 2615 H.
1475 2570 1520 2615 A
1546 2570 1770 2619 Cicerone

91 2633 248 2677 tacitae
271 2630 482 2678 dicuntur
509 2631 748 2694 Amyclae:
783 2637 826 2679 &
853 2633 1024 2693 Virgil.
1053 2633 1165 2681 AEn.
1191 2649 1271 2682 10.
1304 2650 1351 2684 v.
1371 2634 1483 2699 564.
1518 2663 1586 2673 --
1606 2638 1773 2686 Tacitis

93 2700 299 2759 regnavit
322 2698 524 2758 Amyclis.
560 2699 618 2745 ad
641 2717 779 2762 quem
804 2700 959 2747 locum
981 2699 1086 2747 vide
1113 2700 1166 2746 fis
1190 2701 1392 2750 Ruaeum.
1769 2744 1774 2749 .

161 2766 210 2812 P.
230 2768 304 2813 80.
340 2766 702 2828 Μεγκλόγνωμῃν]
742 2766 840 2816 Hic
864 2767 953 2815 loci
978 2784 1069 2814 vox
1092 2767 1275 2815 denotat
1297 2770 1366 2818 τὴν
1385 2772 1770 2837 μεραλογγωμᾳσύ-

93 2854 170 2886 νην,
207 2833 278 2880 seu
312 2833 525 2880 virtutem
561 2833 656 2896 ejus
686 2834 790 2893 viri,
833 2835 911 2897 qui
941 2835 1123 2892 ingenio
1155 2835 1250 2893 suo,
1289 2834 1363 2884 seu
1396 2836 1633 2900 prudentia
1677 2839 1772 2904 (uti

93 2899 240 2962 Steph.
266 2899 337 2947 ad.
364 2901 427 2959 v.)
464 2901 521 2947 ad
545 2917 614 2947 res
639 2918 821 2960 magnas
846 2902 1060 2961 gerendas
1083 2913 1245 2951 utatur.
1289 2904 1355 2953 H.

162 2967 284 3014 ibid.
323 2969 684 3033 Αςμᾳπτςοφὲῖν]
725 2970 849 3016 Vide
874 2969 926 3015 fis
949 2969 1172 3016 Indicem.

162 3033 308 3095 P.83.
346 3035 561 3090 Θάνατῶυ
595 3036 794 3100 ὦρφῖος5]
840 3036 1064 3099 Philelpho
1098 3037 1358 3101 interprete,
1389 3038 1577 3102 specicffa
1613 3047 1772 3090 mors?

98 3101 287 3148 Leuncl.
313 3117 423 3148 mors
443 3104 592 3149 decora
609 3109 637 3151 ?
674 3105 836 3151 Fateor
861 3121 959 3151 earn
984 3104 1106 3151 haud
1129 3103 1228 3152 raro
1255 3106 1380 3169 vocis
1406 3108 1553 3170 dgfioq
1579 3108 1662 3154 effe
1684 3125 1771 3154 no-

95 3169 297 3216 tionem:
344 3185 445 3232 quae
480 3182 630 3218 tamen
661 3171 749 3219 huc
796 3171 941 3220 minus
972 3171 1188 3235 quadrare
1219 3172 1412 3222 videtur.
1470 3173 1649 3221 Iudicat
1683 3177 1770 3223 uti-

96 3252 203 3299 que,
236 3233 398 3300 γνώμην
423 3239 538 3300 ἐμὴν,
572 3254 664 3284 non
684 3240 891 3303 quomodo,
925 3239 999 3288 sed
1019 3239 1183 3304 quando
1209 3253 1413 3288 mortuus
1438 3241 1497 3289 est
1521 3241 1772 3304 Agestlou55

97 3316 226 3353 aetate
244 3303 349 3364 scil.
380 3303 565 3355 matura.
604 3305 667 3354 H.

1619 3441 1668 3490 P.
1693 3445 1774 3508 85.
