2021 3825
205 254 334 352 338
737 249 1342 320 NOTAE.

199 405 442 473 praefinitus
466 402 704 465 conjugiis.
755 401 813 449 In
835 401 1032 449 foeminis
1054 411 1205 449 autem
1226 400 1394 458 minor,
1429 415 1514 448 nec
1534 399 1652 450 forte
1674 401 1785 451 citra
1804 404 1876 454 vi-

198 465 432 534 gefimum.
485 470 622 518 Certe
647 470 767 528 leges
790 469 848 516 ad
873 468 1078 531 utrosque
1107 468 1358 532 pertinuisse
1386 467 1620 516 videntur:
1658 475 1698 517 δε
1723 472 1877 521 3υὲὶο-

198 559 271 592 1es
302 539 598 596 consentiunt,
635 549 733 584 tum
767 536 1054 583 matrimonia
1078 537 1322 598 Lycurgum.
1352 535 1439 584 suis
1470 537 1736 597 concefliffe,
1773 539 1881 590 cum

196 625 388 673 corpora
408 606 545 654 essent
568 605 734 662 adulta,
771 608 814 650 ἅτ
835 615 962 649 aetate
986 602 1084 649 satis
1114 603 1417 652 corroborata.
1476 604 1567 651 Sed
1589 603 1658 653 uti
1681 607 1880 669 praefini-

129 674 134 681 ⁴
197 678 271 726 fus
292 692 432 723 annus
453 686 561 731 erat,
592 672 708 719 intra
731 688 868 734 quem
892 686 1080 717 uxorem
1107 669 1271 718 ducere
1291 687 1384 718 non
1406 671 1594 720 licebat:
1631 675 1694 721 ita
1715 690 1799 721 nec
1820 675 1884 723 ad

194 744 461 810 provestam
483 752 660 788 aetatem
684 739 875 802 proferri
897 749 1070 800 poterat
1093 737 1373 799 conjugium.
1418 740 1570 803 Qare
1590 744 1633 789 δε
1652 738 1752 795 δῖκη
1775 740 1881 807 ὄψι-

195 811 341 877 )αμῖε
365 821 473 867 erat,
510 809 638 870 cujus
663 807 796 853 etiam
820 805 1029 852 meminit
1052 804 1213 851 Pollux
1235 808 1278 851 &
1305 804 1585 856 Plutarchus.

266 877 387 926 Ibid.
425 876 540 924 Νέων
562 869 697 937 Zygere]
733 873 927 920 Graecos
952 872 1216 936 Scriptores,
1253 870 1342 920 tam
1369 873 1529 933 sacros,
1565 874 1702 939 quam
1726 878 1881 941 profa-

195 959 300 1005 1108,
335 944 476 992 verbo
501 941 612 1005 ’ἐχειν
638 942 695 989 de
719 940 1009 989 matrimonio
1034 940 1100 987 uti
1129 940 1227 987 satis
1256 940 1424 988 constat
1445 939 1469 988 a
1492 942 1699 1005 plurimis
1721 963 1880 994 exem-

193 1015 299 1080 plis.
352 1011 554 1059 Herodot.
581 1009 769 1059 eandem
795 1025 959 1056 vocem
989 1020 1057 1055 ter
1081 1005 1269 1056 omnino
1295 1008 1341 1055 in
1363 1007 1451 1056 una
1475 1009 1723 1075 eademque
1753 1013 1881 1077 pagi-

192 1082 253 1131 na
276 1081 336 1144 sic
358 1080 548 1142 usurpat.
585 1081 646 1141 (p.
664 1077 796 1140 378.)
836 1077 907 1123 Ita
929 1075 1064 1123 etiam
1089 1076 1257 1123 Noster
1278 1086 1334 1124 K.
1349 1085 1402 1124 Π.
1431 1076 1510 1125 lib.
1533 1089 1576 1126 1.
1616 1082 1720 1145 Πςὶς
1740 1091 1879 1147 Κριμ-

193 1147 308 1205 ἔόσην
339 1145 402 1198 «ὃν
434 1149 504 1198 τὴν
532 1143 719 1207 &stamar
746 1142 903 1210 ἐ’χονπκ.
963 1144 1206 1206 Simileque
1237 1143 1454 1208 loquendi
1486 1161 1628 1203 genus
1661 1149 1882 1210 reperitur

194 1218 259 1266 D.
283 1214 459 1264 Matth.
502 1229 639 1278 c.14-.
674 1210 721 1262 ν’.
741 1229 787 1277 4.
830 1209 942 1274 ’ἐχειν
970 1209 1110 1265 αὐτήν,
1152 1211 1311 1259 habere
1347 1228 1457 1272 eam,
1499 1211 1666 1277 nempe
1702 1215 1751 1261 in
1779 1232 1880 1264 ma-

191 1284 424 1335 trimonio.

261 1353 311 1401 P.
335 1367 443 1416 170.
476 1346 894 1410 Tenvomtimkoq]
932 1347 1052 1395 Haec
1082 1347 1157 1395 lex
1195 1347 1356 1409 (verba
1389 1347 1488 1396 sunt
1513 1346 1682 1412 Crag.)
1717 1349 1766 1397 in
1796 1347 1882 1399 alia

189 1419 459 1486 quacunque
492 1418 673 1482 Repub.
710 1416 857 1463 videri
886 1415 1026 1478 posset
1061 1414 1220 1463 absona
1254 1416 1328 1462 vel
1361 1415 1561 1465 absurda.
1624 1418 1753 1465 Nam
1787 1418 1882 1481 ipsa

190 1505 388 1537 uxorum
418 1485 770 1534 communicatio
794 1483 916 1548 quasi
941 1483 1150 1546 quaedam
1179 1484 1451 1546 prostitutio,
1487 1501 1623 1547 quam
1654 1485 1786 1532 bonae
1813 1487 1879 1533 le-

188 1571 271 1617 ges
295 1555 401 1604 alibi
422 1552 554 1618 poena
576 1553 785 1600 afficiunt.
828 1551 917 1598 Sed
936 1554 1145 1612 Spartani
1168 1562 1319 1597 tamen
1343 1550 1399 1598 ab
1423 1551 1512 1599 hoc
1533 1552 1701 1615 probro
1725 1552 1880 1613 alieni,

188 1624 412 1687 facileque
433 1621 482 1669 id
507 1621 757 1670 institutum
781 1618 1046 1676 tolerabant,
1081 1618 1161 1681 qui
1182 1617 1357 1664 tantum
1375 1617 1432 1665 ab
1455 1619 1672 1666 uxoribus
1698 1621 1877 1683 prolem

189 1689 495 1755 requirebant,
537 1704 631 1736 non
666 1688 962 1750 voluptatem.
1027 1685 1317 1750 Qapropter
1350 1685 1486 1734 etiam
1521 1686 1719 1750 Reipub.
1754 1688 1881 1737 causa

188 1776 285 1808 non
309 1757 562 1806 recusabant
587 1772 770 1814 uxores,
804 1770 915 1818 quas
943 1752 1023 1816 ipfi
1051 1753 1349 1815 impraegnare
1370 1753 1444 1801 vel
1469 1771 1549 1818 per
1573 1766 1769 1814 aetatem,
1804 1756 1879 1804 vel

188 1843 272 1891 per
302 1825 653 1873 invaletudinem
686 1839 779 1870 non
810 1832 1033 1884 poterant,
1068 1821 1165 1867 aliis
1197 1820 1385 1869 tradere.
1450 1821 1593 1884 Qod
1624 1819 1680 1869 εό
1714 1822 1878 1871 tolera-

188 1895 324 1943 bilius
350 1893 451 1957 ipfis
475 1893 611 1950 fastu,
642 1889 768 1955 quod
790 1890 958 1937 liberos
979 1905 1073 1936 non
1093 1888 1174 1937 fibi
1198 1889 1319 1952 ipfis,
1349 1888 1424 1937 sed
1446 1888 1644 1954 Reipub.
1667 1906 1879 1954 procrea-

187 1973 307 2011 rent.
363 1961 491 2009 Nam
514 1961 603 2007 huc
629 1959 878 2006 institutum
898 1957 946 2004 in
974 1956 1134 2020 primis
1166 1957 1435 2021 pertinebat,
1471 1969 1522 2005 ut
1544 1958 1703 2005 civitas
1725 1959 1879 2008 sobole

189 2029 548 2094 amplificaretur.
569 2045 571 2047 ·
601 2026 820 2088 Qamvis
844 2025 988 2074 videri
1011 2025 1153 2089 potest
1183 2025 1317 2073 etiam
1342 2023 1398 2073 εό
1422 2025 1652 2090 respexiss'e
1680 2026 1876 2085 Legissa-

188 2108 279 2156 tor,
314 2110 365 2144 ut
389 2096 607 2145 cautiores
631 2095 752 2142 cives
776 2095 876 2141 suos
898 2092 1108 2141 redderet
1129 2093 1177 2140 in
1203 2093 1429 2152 elegendis
1454 2094 1686 2152 uxoribus,
1721 2093 1780 2141 ne
1804 2095 1877 2143 vi-

187 2164 354 2212 delicet
385 2181 457 2212 eas
491 2163 724 2221 ducerent,
760 2178 869 2226 quas
901 2159 1048 2225 postea
1079 2161 1175 2208 aliis
1207 2161 1381 2209 tradere
1416 2162 1586 2210 necesse
1616 2162 1736 2210 esset.
1796 2163 1877 2211 Ab

186 2231 272 2280 hac
294 2232 393 2291 lege
417 2231 751 2296 excipiebantur
769 2232 941 2290 RegeS,
964 2246 1160 2295 quorum
1181 2245 1346 2278 uxores
1366 2229 1422 2278 ab
1442 2229 1628 2294 Ephoris
1649 2230 1890 2285 custodie<

189 2299 365 2348 bantur.

258 2369 307 2415 P.
330 2384 438 2429 171.
473 2367 686 2429 Μεπκῆν]
724 2365 927 2414 Tametsi
962 2366 1103 2414 studia
1134 2365 1402 2414 humaniora
1433 2365 1773 2430 aspernabantur
1799 2383 1874 2415 re·
1945 2404 1950 2419 ,

187 2434 309 2499 liqna
336 2435 702 2483 Lacedaemonii:
741 2436 904 2482 Artem
927 2434 1139 2497 Musicam
1162 2446 1313 2481 tamen
1333 2451 1426 2481 non
1449 2434 1754 2497 repudiabant.
1805 2434 1873 2481 E-

186 2515 256 2552 rat
286 2516 438 2550 autem
469 2501 639 2564 Mustca
673 2517 831 2548 eorum
864 2501 1089 2565 praecipue
1119 2501 1287 2548 cithara
1314 2506 1356 2548 δε
1383 2502 1510 2558 tibia,
1547 2513 1735 2566 utraque
1767 2518 1874 2550 mo·

185 2570 307 2618 desta
338 2576 379 2617 &
408 2571 573 2628 severa,
612 2569 898 2632 moribusque
929 2585 1088 2616 eorum
1120 2568 1427 2627 consentanea,
1469 2569 1731 2627 gravitatem
1764 2586 1872 2618 cum

185 2639 411 2686 venustate
444 2638 787 2701 repraesentans:
831 2653 925 2683 non
961 2635 1073 2683 levis
1109 2635 1273 2699 aliqua,
1309 2636 1383 2684 vel
1412 2636 1600 2696 ludicra,
1636 2648 1712 2684 aut
1741 2654 1873 2685 aures

185 2707 417 2770 voluptate
451 2705 730 2753 demulcens,
797 2702 1063 2752 Plutarchus
1097 2704 1304 2752 institutis
1342 2705 1563 2751 Laconicis
1600 2704 1658 2752 de
1694 2704 1874 2753 Musici

186 2789 346 2821 eorum
370 2774 558 2837 loquens
578 2790 590 2821 ι
621 2769 732 2835 μόνοι
757 2775 813 2819 τὰ
837 2768 1066 2837 oin-Aries&
1090 2775 1166 2820 τῶν
1189 2776 1324 2836 μελῶν
1346 2769 1611 2836 ἒδὶκίμφζον,
1631 2772 1871 2835 simplicio—

184 2857 256 2887 res
291 2839 463 2888 tantum
500 2841 799 2887 modulationes
832 2840 1089 2903 probabant.
1161 2839 1269 2886 Erat
1303 2851 1454 2887 autem
1489 2839 1638 2902 Lesbia
1672 2840 1872 2903 ipsorum

188 2908 366 2956 Musica
399 2920 450 2955 ut
482 2907 746 2971 plurimum,
788 2906 914 2972 quod
948 2907 1168 2969 ejusmodi
1203 2909 1432 2969 cantiones
1466 2911 1508 2954 &
1539 2907 1871 2955 modulationes

187 2975 244 3022 ab
266 2975 466 3022 Oraculo
490 2974 592 3038 ipfis
614 2975 791 3022 fuissent
814 2975 1157 3022 commendatae.
1201 2976 1320 3023 Haec
1343 2973 1544 3036 Gragius.
1588 2980 1802 3024 Summam
1826 2992 1871 3022 e-

185 3043 445 3090 ruditionem
484 3043 682 3102 (auctore
706 3043 929 3090 Cicerone
951 3042 1072 3103 Tusc.
1099 3041 1252 3106 disput.
1285 3043 1318 3091 l.
1339 3044 1405 3103 2.)
1443 3043 1742 3106 Graecisttam
1767 3059 1872 3090 cen—

171 3110 331 3172 sebant
362 3114 409 3157 in
440 3126 670 3157 nervorum
700 3110 930 3173 vocumque
956 3110 1169 3158 cantibus.
1224 3111 1372 3171 Igitur
1395 3108 1453 3158 {3⁵
1477 3111 1872 3172 Epaminondas-

187 3177 556 3241 Themistoclesque
570 3206 638 3214 ——
653 3174 748 3224 cum
772 3181 820 3225 in
849 3178 980 3240 epulis
1007 3177 1227 3240 recusaret
1249 3178 1406 3240 lyram,
1441 3177 1615 3225 habitus
1638 3179 1698 3241 cst
1725 3176 1869 3226 indoc-

184 3247 289 3293 tior.
357 3246 491 3293 Idem
538 3244 707 3309 (Orat.
740 3245 772 3292 1.
792 3246 860 3309 3.)
897 3244 1061 3303 scribit,
1097 3243 1275 3309 Musici,
1311 3248 1385 3307 qui
1412 3257 1541 3292 erant
1566 3245 1776 3308 quondam
1807 3247 1869 3292 ii-

186 3312 278 3358 dem
301 3323 455 3375 poetae.
505 3312 726 3372 Qinffil.
755 3314 895 3371 Instit.
922 3313 1056 3359 Orat.
1085 3310 1165 3360 lib.
1190 3329 1229 3360 1.
1266 3329 1306 3359 c.
1325 3316 1370 3362 8.
1429 3313 1545 3374 Qis
1567 3317 1742 3374 ignorat
1769 3327 1870 3360 mu-

171 3377 293 3440 ficen
457 3389 630 3429 tantum
637 3382 739 3445 jam
761 3380 852 3431 illis
873 3382 1067 3443 antiquis
1086 3380 1344 3446 temporibus
1365 3396 1449 3431 non
1458 3380 1602 3446 studii
1621 3378 1755 3441 modo,
1787 3394 1869 3460 ἵε-

1760 3459 1863 3496 rum
