2021 3825
675 281 748 348 N
854 282 918 347 0
1022 283 1088 365 τ
1180 284 1282 349 AE-
1674 310 1818 381 353

203 430 256 482 P.
277 447 389 480 222.
427 426 730 490 Emcvodi'qqzs]
768 428 869 476 Scil.
903 428 1121 493 praefeffl,
1159 442 1235 479 aut
1265 431 1443 494 judices
1476 435 1522 482 in
1547 435 1825 502 Olympiaco

134 501 399 550 certamine.
447 503 503 548 P.
534 497 536 499 ’
732 550 735 554 ,

205 569 257 616 Ρ.
280 584 392 629 223.
431 569 482 615 Εἰ
513 561 632 615 «him
665 564 772 626 δια]
810 563 992 612 Transit
1023 566 1118 627 jam
1147 565 1377 630 Xenophon
1409 570 1465 617 ad
1499 589 1598 619 eam
1633 586 1826 636 partem,

133 634 181 683 in
207 635 294 699 qua
319 636 542 698 vituperat
565 632 760 679 instituta
785 633 952 695 Spartae
974 633 1153 681 suorum
1180 648 1454 700 temporum.
1502 640 1656 688 Docet
1681 643 1827 689 Lace-

136 703 392 752 daemonios
428 702 501 757 ita,
525 699 805 758 degenerasse
841 700 865 748 a
901 701 985 747 suis
1024 703 1287 763 majoribus,
1333 709 1375 750 δε
1411 707 1596 754 ῑῃυτὲἰῖὲ
1630 713 1830 772 Lycurgi

136 771 435 835 disciplinam,
482 783 576 816 tam
615 768 924 825 domesticam,
974 768 1111 832 quam
1146 786 1410 828 externam3
1462 786 1554 820 tam
1590 778 1830 839 privatam,

137 837 276 904 quam
305 838 564 901 publicar-113
603 848 695 882 tam
729 837 962 894 urbanam,
999 835 1133 900 quaim
1170 838 1407 888 bellicam:
1446 854 1496 887 ut
1528 842 1830 901 frugalitatem

136 906 438 960 cumluxuria
459 905 839 951 commutaverint
855 925 869 959 ;
906 917 1206 967 paupertatem
1234 924 1341 954 cum
1361 908 1520 971 opibus
1535 927 1550 964 ;
1586 913 1828 968 {ernam-iac

135 992 246 1022 cum
276 973 554 1022 commercio
591 974 964 1036 peregrinoru1n3
1010 973 1225 1022 virtutem
1257 974 1454 1040 denique
1491 994 1597 1024 cum
1634 981 1830 1042 ignavia,

138 1047 222 1092 &c.
269 1045 326 1091 P.
510 1053 513 1057 “
700 1054 703 1057 ’

207 1110 332 1159 Ibid.
370 1106 504 1171 Νᾶμῃι
536 1107 736 1170 animm]
776 1109 921 1157 Fuere
962 1110 1133 1174 (inquit
1168 1112 1386 1176 Crogius)
1432 1114 1569 1177 usque
1602 1113 1716 1164 adeo
1747 1116 1832 1165 sta·

137 1179 253 1227 biles
285 1179 426 1236 leges,
462 1189 512 1223 ut
536 1177 888 1240 quatuordecem
915 1195 1041 1237 reges
1065 1178 1177 1225 nihil
1199 1180 1246 1230 in
1270 1182 1324 1227 iis
1353 1181 1586 1231 mutarint.
1646 1184 1832 1232 Plutar-

138 1246 244 1294 chus
265 1247 344 1299 ait‚
383 1246 586 1308 Spartam
611 1246 782 1309 εὐνομίᾳ,
807 1251 847 1291 &
873 1243 964 1311 δῖξῃ
991 1247 1293 1309 principatum
1318 1248 1514 1296 Graeciae
1544 1252 1728 1310 tenuisse
1753 1270 1833 1301 an-

135 1316 210 1363 nis
235 1313 511 1378 quingentiS,
547 1311 660 1359 dum
684 1312 756 1359 ufir
780 1315 840 1370 est
869 1314 1040 1372 legibus
1069 1319 1285 1377 Lycurgi,
1324 1334 1432 1379 quas
1466 1335 1521 1375 ex
1556 1321 1832 1382 quatuorde-

139 1399 244 1431 cem
274 1381 472 1441 regibuS,
509 1381 587 1443 qui
623 1397 729 1428 eum
757 1380 892 1427 secuti
924 1381 1040 1439 sunt,
1084 1383 1220 1445 usque
1253 1384 1309 1430 ad
1336 1386 1454 1445 Agin
1481 1387 1752 1434 Archidami
1779 1389 1835 1436 fi-

139 1451 255 1498 lium
278 1466 416 1496 nemo
443 1449 651 1495 moverit.
714 1449 822 1510 Qo
855 1461 1061 1510 tempore
1089 1450 1259 1496 tametsi
1284 1451 1553 1501 Plutarchus
1576 1455 1755 1502 videtur
1780 1457 1836 1503 fi-

140 1535 248 1565 nem
272 1519 458 1564 statuere
483 1516 680 1579 Reipnb.
712 1527 865 1563 tamen
890 1532 983 1562 non
1013 1518 1149 1579 usque
1177 1516 1290 1565 adeo
1322 1519 1486 1567 abolita
1511 1521 1758 1586 disciplina,
1795 1529 1839 1573 δε

142 1586 431 1634 labefactatus
458 1583 663 1647 publicus
687 1585 838 1642 status,
865 1597 916 1630 ut
940 1600 1033 1629 non
1058 1585 1179 1643 leges
1207 1584 1408 1650 Lycurgi
1431 1589 1707 1653 aliquatenus
1729 1593 1837 1640 reti-

140 1666 309 1712 nentes*
327 1652 608 1699 sustinuerint
640 1652 775 1716 usque
801 1651 858 1698 ad
882 1654 1159 1714 Tyrannos:
1198 1652 1291 1701 cum
1316 1657 1528 1719 ademptae
1555 1670 1702 1717 erant,
1739 1664 1837 1722 qui-

140 1723 217 1770 bus
242 1721 305 1768 ad
321 1736 413 1767 eam
438 1719 545 1765 diem
587 1721 662 1780 (ut
684 1720 830 1783 inquit
859 1720 1045 1779 Livius)
1085 1724 1244 1767 civitas
1256 1725 1458 1785 stetiffet,
1490 1728 1694 1789 Lycurgi
1712 1728 1837 1788 leges.

213 1790 264 1837 Ρ.
284 1804 344 1837 22
353 1804 397 1853 5.
432 1791 513 1853 Πςό
540 1790 611 1839 τῆς
637 1783 818 1848 πόλεως]
856 1787 1161 1837 Leunclovius
1185 1790 1469 1860 scribendum
1491 1795 1660 1854 censuit
1687 1794 1780 1861 ὑπὲξ
1802 1797 1839 1845 ‘23

141 1859 318 1909 πόλεως.
376 1855 466 1902 Sed
490 1856 555 1902 nil
585 1855 883 1902 mutandum:
920 1871 1025 1902 nam
1051 1854 1135 1909 a&
1158 1874 1264 1906 cum
1290 1860 1491 1917 genitivo
1517 1862 1742 1925 saepiflime
1766 1882 1838 1912 re·-

142 1926 288 1991 perias
312 1923 509 1988 positum
532 1922 636 1970 loco
661 1923 987 1988 praepositionis
1012 1924 1143 1990 ὑπὲξ.
1198 1927 1352 1992 Qare
1374 1930 1621 1993 πωωνόμως
1643 1931 1714 1978 hae
1736 1932 1840 1980 duae

143 1993 376 2059 particulae
398 1990 422 2038 a
443 1991 642 2056 probatis
666 1990 952 2055 scriptoribus
977 1992 1257 2058 usurpantur.
1310 1996 1436 2055 Vide
1459 1998 1662 2061 Euripid.
1686 2000 1733 2046 in
1755 2001 1838 2048 Al-

135 2062 241 2126 cest.
275 2059 454 2125 p.256.
501 2059 590 2107 AE.
614 2059 668 2106 P.

215 2130 265 2178 P.
286 2144 399 2192 227.
441 2128 600 2190 Πύθιοι]
632 2128 825 2176 Nomen
850 2141 926 2177 aut
943 2128 968 2178 ἒ.
987 2130 1146 2195 Pythio
1167 2133 1380 2195 Apolline,
1404 2146 1480 2182 aut
1505 2134 1527 2183 Ξ
1550 2135 1690 2183 verbo
1718 2159 1839 2186 mm-

147 2193 342 2259 θείνειθοᾳ
381 2195 568 2244 deducit
601 2197 806 2257 Cragius.
874 2198 1002 2245 Nam
1039 2212 1132 2247 erat
1158 2201 1437 2264 vPythiorum
1474 2221 1655 2263 munus,
1700 2218 1751 2252 ut
1783 2204 1842 2252 ad

149 2266 362 2319 Deorum
395 2264 574 2311 oracula
604 2264 872 2312 consulenda
906 2267 1205 2328 mitterentur,
1243 2269 1349 2317 cum
1374 2271 1570 2334 Respub.
1599 2270 1726 2336 super
1757 2274 1841 2320 ali-

147 2333 237 2398 qua
269 2350 317 2380 re
340 2331 549 2379 divinum
583 2332 838 2394 responsum
865 2333 1146 2384 desideraret.
1208 2336 1281 2383 Sic
1308 2339 1470 2387 Herod.
1507 2339 1584 2386 lib.
1607 2341 1655 2389 6.
1694 2340 1751 2388 de
1785 2341 1841 2388 iis

149 2402 328 2449 scribit:
374 2401 409 2448 οἱ
436 2396 465 2462 [J
491 2400 635 2448 noem
661 2398 732 2448 e'coi
756 2403 970 2468 θεοπξόποι
996 2406 1050 2455 ἐις
1073 2408 1281 2469 Δελφοὺς,
1317 2409 1401 2454 Sec.
1449 2407 1582 2468 Crag.
1611 2406 1669 2455 de
1696 2409 1756 2456 R.
1777 2409 1839 2460 L,

150 2469 230 2518 lib.
251 2485 292 2516 2.
329 2486 370 2517 c.
388 2486 433 2532 9.

222 2536 344 2584 Ibid.
382 2540 589 2602 Εφοςικῶν
616 2534 792 2604 ἑῖφξων]
833 2538 1103 2602 Judicabant
1127 2540 1300 2604 Ephori
1332 2542 1544 2606 quasdam
1576 2555 1843 2592 controver-

152 2604 234 2653 fias
267 2605 453 2660 civiles3
491 2618 703 2668 erantque
737 2607 790 2653 iis
824 2608 896 2654 sua
922 2605 1057 2671 ὁδ’φρφ
1082 2607 1284 2671 emelia,
1319 2611 1367 2656 in
1399 2611 1560 2672 quibus
1589 2612 1844 2672 judicantes

152 2672 466 2720 censedebant.
519 2671 735 2721 AElianus
758 2675 835 2722 lib.
857 2692 901 2723 2.
936 2677 1056 2722 sellas
1082 2677 1309 2738 easr9po'v85
1332 2690 1480 2737 vocat,
1519 2680 1624 2725 cum
1650 2679 1708 2726 de
1735 2680 1843 2727 Cla-

156 2740 375 2788 zomeniis
407 2740 496 2786 hoc
529 2741 680 2790 refert.
747 2743 1120 2790 Clazomeniorum
1167 2744 1368 2808 (inquit)
1411 2747 1582 2808 quidam
1618 2747 1679 2792 ad
1707 2748 1844 2810 Spor-

155 2818 248 2856 tam
285 2811 504 2854 venientes
534 2818 616 2870 per
643 2811 932 2871 petulantiam
967 2809 1025 2858 {3⁷
1046 2812 1217 2873 fastum
1256 2812 1428 2860 thronos
1463 2814 1751 2876 Ephororum,
1796 2818 1846 2861 i‘n

155 2877 305 2938 quibus
325 2876 522 2938 sedentes
542 2878 622 2940 jus
655 2878 811 2937 dicere,
856 2877 914 2925 Εἴ
947 2880 1110 2941 reipub.
1145 2882 1314 2941 negotia
1350 2882 1590 2945 tranſsgere
1619 2883 1845 2945 consueve-

156 2954 282 3002 rant,
304 2945 506 3005 fuligine
529 2943 834 3006 resperserunt.
874 2951 956 2994 &a

227 3012 277 3059 P.
299 3028 411 3076 229.
450 3021 636 3059 ΑΘΗΝ.
674 3014 899 3076 ΠΟΛΙΤ]
936 3015 1135 3078 Populus
1162 3016 1464 3075 Atheniensis,
1499 3034 1591 3064 non
1616 3034 1726 3076 uno,
1762 3034 1844 3066 ne·

156 3095 247 3142 que
273 3095 329 3125 eo
355 3090 572 3142 perpetuo
600 3081 770 3143 reipub.
805 3099 968 3140 genere
992 3083 1092 3133 usus
1118 3085 1194 3143 est,
1232 3085 1305 3132 sed
1331 3103 1414 3148 pro
1438 3101 1589 3133 rerum
1619 3085 1844 3132 conditio-

157 3162 215 3193 ne
240 3150 283 3192 &
306 3159 564 3210 temporum
590 3151 800 3197 varietate
825 3150 1012 3200 diverso.
1053 3152 1288 3215 Siquidem
1314 3153 1367 3199 ab
1392 3153 1521 3199 initio
1543 3153 1736 3212 regium,
1763 3153 1846 3201 de·

157 3212 266 3261 inde
291 3215 572 3276 popularem,
598 3216 838 3279 aliquando
860 3231 1172 3282 tyrannorum,
1197 3220 1309 3283 saepe
1333 3220 1467 3267 etiam
1489 3237 1736 3282 paucorum
1752 3221 1844 3281 rdo-

159 3281 402 3339 minatum,
438 3294 571 3344 atque
595 3283 836 3347 imperium
861 3287 1061 3349 pertulit.
1123 3288 1248 3334 Vide
1273 3290 1416 3348 Sigon.
1445 3287 1503 3334 de
1530 3288 1590 3337 R.
1613 3289 1674 3334 A.
1703 3288 1780 3335 lib.
1802 3302 1845 3336 Ι.

231 3348 412 3410 P.230.
453 3351 708 3414 Xegowm'qc]
747 3354 971 3420 ΧειξοἽονὲἶν
1004 3356 1064 3402 est
1085 3366 1169 3417 per
1186 3354 1415 3416 sff‘agia
1449 3370 1615 3413 creare,
1651 3355 1741 3402 slve
1765 3356 1845 3402 eli-

149 3431 277 3479 gere.
336 3416 454 3466 Inde
486 3431 637 3466 autem
673 3419 862 3471 ductum
894 3423 955 3470 est
986 3423 1194 3482 verbum,
1230 3422 1355 3487 quod
1387 3421 1680 3483 concionibus
1714 3422 1844 3483 olim,

1110 3491 1154 3536 Y
1186 3506 1218 3553 y
1765 3491 1846 3554 qui
