2021 3825
210 261 339 353 348
749 260 1349 325 NoTAE.

274 409 327 456 P.
347 422 458 455 202.
497 415 536 454 Α
538 404 736 472 spiam]
773 407 827 453 In
851 416 1051 456 neutram
1072 417 1245 472 partem
1270 414 1493 469 receptus.-
1527 400 1634 452 alias
1655 401 1879 470 &ffifflmo

205 478 282 539 qai
301 475 489 538 digjungi
511 471 790 537 &separari
813 490 894 521 nm
912 475 1062 536 potest.
1108 478 1164 523 P.
1784 518 1788 520 ,

276 543 326 590 P.
347 558 455 604 203.
490 543 772 606 Πςοοωςέιοθιᾳ
939 541 1053 603 ἀντὶ]
1089 539 1188 589 Am*
1218 542 1266 588 in
1291 539 1477 602 ‘elegendo
1504 539 1728 597 eleganter
1749 538 1880 586 adhi-

206 609 353 667 betur,
390 613 432 654 &
457 609 723 655 construitur
755 624 861 654 cum
891 609 1106 672 οιὶξέιοθ-οᾳ.
1161 608 1217 654 In
1238 607 1497 666 vulgaribus
1527 606 1712 670 quidem
1738 607 1881 671 Lexi-

206 678 272 723 cis
304 673 456 723 frustra
481 675 591 722 illud
613 675 862 738 quaefiveris
882 690 896 730 ;
930 674 1005 721 sed
1030 676 1144 721 Hen.
1168 675 1314 736 Steph.
1339 677 1387 722 in
1412 675 1549 722 Thes.
1575 675 1711 722 etiam
1738 673 1882 722 adno-

204 744 307 791 tafl‘e
330 743 581 805 comperio,
617 745 709 789 ἀντὶ
738 759 845 789 cum
868 743 1009 789 verbo
1032 743 1212 807 αλςέμοᾳ
1236 742 1349 804 saepe
1373 743 1521 804 jungi,
1557 757 1883 806 nonnunquam

205 815 247 857 δε
271 828 376 857 cum
402 807 594 873 δὲρρμοᾳ,
628 811 738 857 item
761 813 935 871 ἀμυνῶ,
972 814 1013 856 &
1036 822 1135 855 tum
1164 825 1247 871 per
1266 820 1348 871 pro
1371 809 1507 856 solere
1534 809 1705 857 ibidem
1730 808 1879 866 reddi,

205 877 513 925 transferendo
551 877 607 924 ad
642 877 864 924 verbum:
914 894 971 924 ex
1008 876 1302 934 Demosthene,
1339 876 1542 936 Isocrate,
1578 881 1663 924 &c.
1699 875 1878 939 probat.

165 1005 174 1014 .
206 946 406 1003 Videtur
437 959 605 1003 tamen,
640 945 804 1008 inquit,
840 944 887 991 in
920 943 1174 1006 hujusmodi
1199 943 1500 990 locutionibus
1534 943 1653 1006 poffe
1683 942 1768 992 ἀντὶ
1797 959 1879 990 ex-

203 1014 315 1077 poni
347 1013 483 1059 etiam
507 1023 625 1074 prae.
685 1013 823 1069 Δόξαν
847 1016 930 1059 mie
955 1010 1039 1058 &nt-n*
1062 1013 1116 1057 τέ
1142 1010 1213 1074 ζῇν
1237 1014 1446 1075 Zao-queen&
1469 1010 1754 1075 ωίθῃςημένος,
1783 1011 1880 1071 gla-

205 1083 320 1127 riam
339 1080 577 1140 securitati
606 1081 717 1126 vitae
749 1090 1014 1142 anteponens.
1053 1077 1293 1125 Demosth.
1343 1077 1557 1125 Similiter
1581 1077 1746 1123 Noster
1776 1078 1821 1124 h.
1847 1077 1880 1126 l.
1962 1076 1964 1081 ’
2019 1067 2021 1086 ³

205 1149 487 1212 oeusgaoffiq
512 1150 577 1194 τὸν
603 1144 780 1204 θάνατον
803 1145 887 1194 ἀντὶ
910 1151 992 1193 &c.
1046 1145 1152 1193 Nec
1178 1144 1304 1192 aliter
1327 1146 1431 1192 Lat.
1457 1154 1582 1199 ante;
1620 1144 1773 1206 utique
1798 1144 1879 1190 ad-

204 1215 384 1262 hibetur
407 1214 560 1261 saltem
590 1214 637 1260 in
667 1218 993 1277 comparatione,
1027 1217 1069 1260 &
1090 1213 1276 1277 quidem
1299 1214 1547 1276 imparium.
1592 1210 1716 1258 Vide
1740 1211 1882 1260 Horr.

205 1282 396 1329 Observ.
426 1283 538 1329 Crit.
573 1299 616 1344 p.
638 1282 746 1342 146.

278 1351 296 1396 l
306 1350 398 1396 bid.
436 1353 532 1400 Θές
556 1349 633 1400 τὲς
657 1346 866 1414 φέξοντοις]
903 1349 933 1396 1.
950 1365 990 1396 e.
1032 1364 1124 1395 cnm
1155 1347 1420 1410 institnfflt,
1453 1358 1503 1394 ut
1528 1364 1578 1394 ea
1599 1357 1711 1394 aetas
1736 1346 1881 1408 cansas

205 1417 409 1481 capitales
421 1416 663 1480 judicaret,
700 1421 784 1464 διε.
832 1420 887 1463 Ρ.

275 1486 325 1532 Ρ.
346 1500 454 1545 204.
492 1479 741 1549 Εντιμὲτεςον
765 1486 812 1529 τὸ
836 1483 978 1549 figeac]
1016 1482 1347 1541 Magistratibus
1384 1481 1554 1544 (inquit
1579 1479 1797 1543 Cragius)
1832 1481 1881 1528 in

205 1552 361 1616 primis
387 1552 532 1598 honos
557 1551 762 1605 habitu53
786 1563 883 1596 tum
903 1550 1175 1612 parentibus,
1203 1567 1317 1612 quos
1335 1561 1488 1595 natura
1507 1548 1635 1610 jubet
1656 1548 1878 1595 revereri:

204 1620 301 1683 post
325 1636 402 1666 eos
423 1631 572 1665 autem
595 1631 730 1681 prout
749 1630 876 1664 aetate
893 1617 1075 1680 quisque
1095 1617 1350 1679 provefflor
1365 1617 1426 1662 ita
1439 1616 1714 1662 honoratior.
1753 1615 1882 1663 Nam

203 1687 381 1733 divitias
406 1689 447 1732 δε
471 1686 718 1748 potentiam
741 1702 835 1731 non
857 1697 949 1731 tam
971 1684 1342 1742 magnifaciebant
1361 1683 1714 1739 Lacedaemonii,
1741 1681 1881 1744 quam

205 1766 400 1801 aetatem.
459 1752 661 1814 Jnstinus
697 1753 774 1799 lib.
798 1769 837 1814 3.
881 1751 938 1798 de
963 1752 1135 1809 legibus
1162 1753 1348 1815 Lycurgi
1370 1750 1589 1813 loquens:
1617 1749 1880 1807 maximum,

203 1821 368 1885 inquit,
404 1820 618 1875 honorem,
656 1836 736 1867 non
765 1819 951 1866 divitum
978 1816 1034 1865 Εἴ
1067 1822 1320 1881 potentium,
1343 1817 1429 1880 sed
1446 1829 1530 1880 pro
1555 1817 1701 1878 gradu
1732 1819 1885 1863 aetatz's

191 1889 347 1951 senum
372 1888 449 1949 este
474 1888 626 1934 voluit.

273 1957 321 2003 P.
343 1955 450 2003 206.
488 1952 668 2018 Επέῇ-ηκε
702 1955 812 2016 &c.]
861 1954 970 2001 Hoc
1007 1954 1138 2000 Plato
1176 1952 1295 1999 haud
1342 1950 1571 1998 immerito
1606 1949 1881 2015 magnopere

202 2023 511 2081 commendat,
548 2027 589 2069 &
614 2022 828 2069 divinitus
852 2022 940 2068 hoc
971 2022 1152 2069 allatum
1186 2020 1420 2067 confilium
1454 2019 1648 2067 affimare
1675 2036 1769 2067 non
1792 2019 1880 2067 du-

203 2091 335 2140 bitat.
391 2091 524 2150 Crag.
551 2089 608 2136 de
633 2090 695 2138 R.
719 2090 776 2136 L.
809 2107 858 2153 p.
879 2093 955 2136 82.
1682 2090 1692 2097 ⁷

271 2158 393 2206 Ibid.
432 2163 518 2205 Τῶν
555 2158 697 2218 ὃμςῖων
733 2153 852 2218 ἑῗνιᾳ]
898 2157 999 2204 Cel.
1035 2154 1353 2217 Hutchinsonas
1386 2154 1432 2202 in
1469 2154 1609 2202 Notis
1644 2154 1701 2201 ad
1739 2164 1793 2202 K.
1821 2163 1878 2202 A.

203 2226 301 2277 haec
327 2225 487 2273 habet:
530 2229 563 2249 “
581 2224 719 2288 Apud
747 2223 1116 2271 Lacedaemonios
1141 2222 1267 2284 b'poecoc
1291 2222 1430 2270 iidem
1455 2221 1548 2270 fere
1575 2222 1782 2269 videntur
1804 2221 1879 2268 fu-

202 2294 298 2350 iffe,
332 2306 463 2357 atque
487 2289 667 2354 δμρπμςι
689 2292 807 2354 apud
827 2291 992 2350 Persas,
1027 2291 1058 2337 i.
1081 2308 1120 2338 e.
1147 2293 1254 2352 pari
1276 2291 1431 2337 honore
1453 2307 1503 2336 ac
1524 2290 1736 2351 dignitate
1751 2300 1881 2351 prae·

200 2361 300 2408 diti.
361 2361 435 2406 De
465 2361 618 2407 iisdem
656 2359 823 2406 Noster
852 2360 966 2420 Hzst.
994 2360 1079 2406 Gr.
1117 2358 1194 2405 lib.
1216 2375 1256 2421 3.
1293 2357 1387 2405 fere
1420 2357 1603 2404 medio:
1641 2356 1795 2410 05⁷&
1830 2352 1881 2402 δῖ

206 2424 428 2490 (Κινάᾶὶαν)
467 2425 504 2478 si‘v
530 2425 604 2488 κιο)
627 2425 670 2475 ’τό
694 2423 790 2477 ἆδὶς
814 2430 1037 2479 venalem&
1062 2429 1205 2484 χᾳλδς,
1242 2424 1317 2486 neq*
1339 2423 1404 2477 ἢν
1427 2424 1572 2485 ’ψυχὴν
1595 2422 1800 2489 ε’όξωςῶὴ
1838 2427 1880 2470 οὗ
1927 2421 1932 2425 ”

201 2497 344 2560 μέντοι
385 2497 459 2541 τῶν
497 2495 654 2554 ὃμςῖων.
731 2494 772 2540 Ii
814 2505 963 2540 autem
1006 2490 1131 2554 b'sagcoc
1169 2493 1527 2540 Lacedaemoniis
1568 2491 1878 2548 censebantur,

204 2563 284 2626 qui
315 2561 421 2609 cum
453 2562 592 2608 vitam
625 2559 833 2608 ateneris
871 2561 992 2606 annis
1025 2577 1080 2606 ex
1114 2560 1265 2617 legum
1303 2560 1556 2622 praescripto
1587 2557 1877 2616 instituissent,

203 2631 265 2678 fic
297 2629 484 2677 demum
518 2628 576 2675 ad
607 2627 956 2690 Rempublicam
988 2626 1309 2674 accedebant.”
1368 2627 1526 2690 Itaque
1569 2626 1738 2687 (inquit
1765 2623 1878 2670 Cra-

194 2696 331 2760 gius)
367 2713 460 2743 non
489 2696 674 2743 instituti
699 2695 929 2759 disciplina
956 2694 1197 2751 Laconica,
1235 2695 1306 2741 vel
1338 2694 1485 2740 minus
1511 2710 1610 2740 eam
1641 2692 1880 2739 observan-

207 2779 290 2823 tes,
322 2763 447 2825 b‘poecoc
472 2781 565 2809 non
589 2776 729 2822 erant,
764 2774 812 2809 ut
838 2762 1028 2809 Cinadon
1052 2762 1125 2809 ille
1149 2761 1267 2825 apud
1290 2760 1619 2824 Xenophontem,
1645 2759 1761 2807 Hist.
1782 2759 1872 2809 Gr.

203 2832 235 2879 1.
257 2848 301 2894 3.
360 2830 483 2877 Vide
511 2832 644 2892 Crag.
671 2831 728 2878 de
753 2831 815 2878 R.
842 2831 901 2878 L.
934 2848 981 2894 p.
1001 2829 1078 2893 63.

272 2898 394 2946 Ibid.
432 2894 728 2962 Ηρθικλείᾶὶις]
765 2897 1013 2960 Erystheus,
1049 2897 1247 2944 minito
1274 2896 1480 2952 Hercule,
1516 2894 1631 2941 filios
1663 2897 1705 2940 δε
1735 2910 1877 2957 nepo-

203 2977 270 3013 tes
299 2967 396 3028 ejus
420 2965 557 3028 coepit
579 2966 795 3028 persequi.
853 2965 928 3011 Illi
959 2965 1016 3011 ad
1042 2963 1336 3011 Athenienses
1366 2962 1608 3020 confugere
1640 2961 1876 3024 supplices,

202 3038 246 3080 &
278 3034 523 3096 impetratis
561 3033 753 3090 auxiliis,
799 3023 1033 3080 commisso
1067 3031 1242 3095 praelio,
1285 3030 1496 3086 fundunt,
1538 3029 1783 3092 fugantque
1813 3030 1879 3075 E-

202 3101 413 3163 rystheum
429 3120 444 3148 .·
481 3100 752 3163 tandemque
785 3099 1056 3162 postliminio
1085 3098 1275 3145 redeunt
1301 3096 1628 3143 Lacedaemona
1653 3096 1880 3143 Tiss‘ame·

203 3185 267 3215 no
292 3168 461 3215 Orestis
493 3167 586 3214 filio
623 3179 848 3225 regnante.
905 3165 1094 3227 Pausan.
1127 3166 1176 3212 in
1196 3164 1402 3212 Corinth.
1451 3162 1606 3211 Fufius
1632 3163 1761 3210 Diod.
1791 3164 1880 3211 Sic.

203 3235 282 3282 lib.
298 3250 344 3297 4.
394 3236 520 3282 Hinc
542 3249 722 3298 apparet
747 3233 909 3301 (inquit
936 3230 1126 3297 Portus)
1153 3229 1287 3297 paulo
1307 3232 1404 3298 post
1429 3231 1598 3280 bellum
1624 3232 1881 3294 Trojanum

200 3302 327 3353 fuiss‘e
352 3303 610 3367 Lycurgum.

1740 3428 1848 3480 Ibid
1867 3430 1882 3479 .“
