2021 3825
206 243 337 331 336
739 239 1344 309 NOTAE.

199 388 328 436 initio
356 385 568 449 scriptum
597 385 686 434 hoe
710 386 796 434 effe
819 385 1194 450 Xenophonteam3
1231 399 1387 437 contra
1407 386 1635 450 judicium
1660 385 1883 440 Demetri}

200 457 272 517 cuj
280 454 431 501 usdam
452 454 685 515 Magnefii,
709 455 917 512 negantis
936 454 1088 518 inepte
1110 455 1379 520 Xenophonti
1399 454 1652 517 tribuenda,
1677 475 1780 522 quae
1799 476 1881 507 ne·

199 540 279 571 mo
300 539 395 568 non
416 539 473 569 ex
494 522 639 569 verbis
664 526 707 568 δε
725 521 951 569 sententiis
976 539 1060 585 pro
1085 522 1396 586 Xenophonteis
1417 525 1632 583 agnoscit.
1679 526 1732 573 L.

226 648 242 656 ,Ι
269 589 394 637 Ibid.
436 588 607 654 Emigw
782 585 1060 640 δαυοιτωτοέτη
1098 589 1145 638 ὡ
1180 595 1234 655 τῇ
1269 589 1448 653 Euam]
1499 592 1662 654 Sparta
1706 589 1885 656 (inquit

200 654 422 720 Cragius)
461 654 624 704 merito
648 655 856 703 omnium
878 655 1087 720 princeps
1113 656 1220 703 urbs
1241 660 1415 719 mansit,
1444 663 1487 706 &
1509 676 1605 722 prae
1625 659 1808 723 reliquis
1832 676 1882 707 e·

199 725 383 781 minuit.
444 724 554 784 Ejus
587 724 742 770 auftor
764 723 839 771 vel
869 722 1079 770 conditor
1103 723 1376 773 Lacedaemon
1407 743 1489 775 rex
1518 726 1645 775 fuisse
1671 726 1884 790 perhibe-

200 790 292 850 tur,
327 792 407 854 qui
431 790 599 851 dietam
621 791 768 838 voluit
790 791 996 853 Spartam
1019 790 1075 839 ab
1097 807 1242 840 uxore
1267 792 1433 853 Sparta*
1454 794 1639 846 Eurotae
1664 794 1805 853 Regis
1828 794 1885 840 fi-

199 858 274 907 lia.
330 858 643 906 Lacedaemonis
666 870 819 906 autem
842 858 1028 906 nomine
1050 858 1211 921 Sparta
1235 858 1326 922 ipsa
1347 859 1474 908 audit
1494 854 1755 925 aliquando·
1809 860 1886 910 Est

200 927 326 975 enim
350 925 470 989 apud
495 925 680 990 Thucyd.
709 926 789 974 lib.
809 941 856 975 1.
892 924 1014 978 πόλις
1038 923 1340 991 Λοικεᾶὶιῖμων.
1399 928 1541 992 Qod
1560 933 1604 977 &
1626 929 1779 977 Latini
1800 928 1885 975 ob⁴

199 995 444 1053 servarunt,
479 1004 530 1040 ut
554 993 673 1056 apud
699 994 874 1040 Livium
902 993 980 1042 lib.
1004 997 1079 1056 38.
1127 993 1243 1041 Urbs
1267 994 1560 1043 Lacedaemon.
1611 996 1670 1043 In
1702 995 1885 1055 gentili-

200 1061 286 1109 bus
310 1062 415 1109 hinc
445 1060 648 1109 deducitis
671 1061 750 1108 vix
775 1061 978 1109 invenire
1007 1061 1070 1108 est
1094 1060 1231 1109 alium
1257 1061 1404 1121 usum,
1439 1060 1575 1126 quam
1600 1060 1727 1126 quod
1747 1065 1887 1127 Spar-

199 1132 300 1176 tani
327 1128 438 1176 dieti
467 1127 584 1187 sunt,
618 1129 698 1192 qui
730 1128 893 1176 urbem
922 1129 1221 1177 incoluerint:
1259 1130 1570 1178 Lacedaemonii
1601 1141 1771 1200 autem,
1806 1131 1888 1196 qui
1968 1139 1970 1142 ’
2014 1120 2016 1125 ’

202 1197 438 1256 regionem
463 1196 615 1260 passim
634 1195 937 1245 inhabitarint.
993 1196 1066 1243 Sic
1091 1195 1237 1245 Diod.
1261 1196 1338 1245 lib.
1358 1211 1435 1247 11.
1469 1199 1549 1245 τῶν
1570 1201 1647 1262 μὲν
1671 1200 1716 1246 ἐν
1739 1206 1887 1246 Avens-

203 1261 422 1326 dimpoeuc'm
449 1261 546 1315 ἦσαν
570 1264 719 1325 χίλιοι,
753 1262 828 1327 καὶ
852 1262 920 1312 α-υἰι
941 1264 1084 1316 αὐτοῖς
1106 1265 1373 1330 Σπαξτιοίπις
1397 1260 1652 1324 rfflmoe'moe.
1706 1265 1783 1312 De
1802 1281 1890 1330 po*

199 1333 339 1380 tentia
360 1337 402 1379 &
424 1331 566 1390 gloria
587 1331 1042 1380 Lacedaemoniorum
1066 1331 1165 1380 haec
1190 1332 1360 1379 doetiss‘.
1378 1332 1564 1381 Tourell.
1589 1332 1647 1380 ad
1667 1331 1888 1395 Demosth.

202 1400 398 1463 Philipp.
437 1399 782 1458 “Lacedaemon,
816 1400 1112 1464 potentissima
1134 1400 1428 1464 Peloponnesi
1458 1400 1719 1464 respublica,
1756 1411 1894 1463 atque

200 1466 479 1516 Athenarum
503 1467 682 1526 aemula,
721 1467 918 1515 Graeciae
941 1466 1173 1514 dominata
1193 1468 1271 1526 est,
1306 1484 1365 1515 ex
1387 1485 1479 1531 quo
1500 1481 1705 1531 tempore
1728 1468 1891 1532 Lysan-

199 1536 295 1594 der,
338 1534 799 1583 Lacedaemoniorum
833 1535 1096 1598 imperator,
1132 1534 1304 1582 bellum
1337 1536 1764 1599 Peloponnefiacum
1798 1547 1893 1582 ter·

200 1603 412 1662 minavit,
444 1602 565 1650 vieta
593 1602 713 1665 apud
737 1603 888 1660 AEgos
918 1601 1091 1650 flumen
1115 1602 1460 1650 Atheniensium
1493 1603 1639 1661 classe,
1674 1607 1717 1650 δε
1741 1602 1890 1649 Athe·

199 1688 362 1721 narum
387 1687 542 1718 muros
565 1669 716 1717 diruit.
770 1668 932 1716 Insulae
953 1669 1088 1717 maris
1114 1669 1285 1728 AEgaei,
1314 1669 1589 1717 Graecorum
1611 1670 1660 1717 in
1684 1669 1790 1717 Asia
1809 1686 1892 1717 co·

201 1739 358 1797 loniae,
394 1749 488 1785 tota
510 1737 705 1801 denique
729 1736 909 1784 Graecia
934 1737 1308 1785 Lacedaemonios
1333 1749 1409 1784 aut
1429 1736 1682 1785 defensores
1705 1748 1782 1784 aut
1804 1736 1892 1785 do-

204 1806 356 1855 minos
389 1806 591 1864 agnovit,
636 1804 781 1869 eoque
816 1805 1038 1868 progressa
1065 1804 1126 1852 est
1160 1805 1357 1868 ipsorum
1390 1805 1609 1868 potentia,
1651 1814 1703 1852 ut
1732 1821 1894 1857 eorum

200 1891 287 1924 rex
310 1873 532 1935 Agefilaus
563 1873 757 1921 minatus
782 1872 917 1920 fuerit
944 1873 986 1920 se
1015 1889 1170 1931 regem
1193 1872 1431 1935 Persarum
1462 1873 1510 1919 in
1541 1872 1635 1936 ipso
1659 1872 1787 1930 regni
1817 1889 1896 1920 ca-

202 1943 298 2007 pite
319 1942 607 1992 obseffurum.
663 1941 711 1987 C.
732 1940 842 2002 Nep.
865 1940 912 1987 in
935 1939 1028 1987 vita
1052 1941 1154 1987 Con.
1179 1940 1309 1991 Diod.
1336 1940 1491 1989 l.11.'‘
1541 1939 1668 1988 Vide
1692 1939 1745 1986 fis
1766 1939 1892 1988 Nos-

203 2023 331 2059 trum
352 2009 400 2057 in
421 2008 581 2075 Agefil.
615 2025 658 2060 c.
677 2023 721 2059 Ι.
758 2011 779 2063 ἡ
804 2008 927 2062 πόλις
963 2007 1085 2075 (scil.
1106 2008 1285 2074 Sparta)
1323 2011 1361 2059 ἓν
1386 2012 1439 2076 τῇ
1460 2005 1614 2059 EM&
1641 2003 1890 2067 ἓνδὶξοτοὶτη.

208 2083 299 2128 ἃς.

277 2145 402 2196 Ibid.
446 2145 582 2194 Θένπι
613 2145 755 2199 αόπῖς
787 2148 879 2200 τοὺς
912 2143 1076 2210 νὸμρυς]
1119 2145 1371 2196 Αιιξὶοτεηι
1402 2145 1563 2195 harum
1592 2144 1765 2206 legum,
1809 2145 1896 2208 Ly-=

205 2224 386 2276 turgum
408 2213 534 2262 fuisse
559 2215 978 2275 Lacedaemonium,
1014 2216 1149 2274 regiae
1170 2215 1313 2278 stirpis
1338 2215 1505 2274 virum,
1536 2216 1743 2261 Euonomi
1765 2212 1895 2260 vide-

208 2273 317 2333 licet
340 2283 456 2341 regis
488 2283 651 2343 filium,
687 2283 835 2331 nullus
865 2300 958 2331 non
981 2297 1186 2331 veterum
1208 2282 1495 2349 scriptorum,
1531 2279 1624 2331 tam
1652 2281 1897 2339 sacrorum,

205 2348 346 2415 quam
370 2350 680 2413 profanorum,
716 2353 795 2414 qui
817 2351 951 2413 hujus
976 2351 1297 2410 meminerunt,
1331 2350 1546 2409 agnoscit.
1605 2349 1734 2397 Nam
1759 2352 1801 2395 δε
1821 2366 1895 2396 re·-

206 2419 331 2482 liqua
357 2418 557 2480 Reipub.
582 2419 836 2465 constitutio
863 2420 903 2465 ei
929 2419 1167 2474 tribuitur3
1205 2423 1247 2465 δε
1272 2415 1500 2481 νομρθεσίοι,
1538 2417 1611 2465 seu
1638 2416 1794 2474 legum
1821 2415 1894 2479 ip-

200 2485 352 2534 sarum
374 2485 499 2543 latio,
537 2485 582 2532 in
607 2486 764 2549 primis
788 2485 903 2533 illius
928 2486 1054 2533 fuiffe
1084 2487 1355 2549 perhibetur.
1411 2486 1534 2532 Ante
1558 2500 1665 2532 eum
1689 2480 1799 2529 vero
1822 2500 1896 2530 re·

206 2568 320 2615 gum
344 2553 522 2599 arbitria
548 2569 629 2616 pro
652 2553 826 2611 legibus
851 2566 991 2602 erant.
1048 2554 1208 2615 Itaque
1231 2552 1344 2616 saepe
1370 2564 1540 2611 motus,
1574 2548 1688 2614 saepe}
1712 2549 1896 2597 seditio-

208 2638 291 2668 nes
323 2621 545 2678 excitatae‚
582 2632 631 2667 ut
663 2620 842 2684 peffime
873 2621 925 2668 fit
956 2620 1256 2667 administrata
1280 2619 1481 2684 Respub.
1507 2616 1898 2683 quemadmodum

208 2690 393 2738 testatur
418 2688 671 2738 Herodotus.
729 2689 800 2735 Ac
824 2687 928 2735 cum
958 2689 1004 2736 in
1037 2689 1113 2735 tali
1139 2688 1248 2735 statu
1272 2687 1537 2735 fiuEtuarent
1563 2684 1897 2743 Lacedaemonii,

211 2774 271 2804 ex
301 2757 657 2818 peregrinatione
687 2756 919 2804 accersitus
950 2757 1010 2804 est
1036 2756 1271 2820 Lycurgus,
1307 2767 1356 2802 ut
1379 2753 1607 2818 Rempub.
1640 2752 1896 2817 capesseret,

211 2824 392 2883 regibus
414 2823 514 2886 ipsis
539 2824 726 2870 minime
749 2823 1092 2872 adversantibus,
1131 2822 1409 2887 Acquifierat
1431 2822 1554 2869 enim
1573 2822 1666 2883 jam
1688 2836 1902 2883 permag->

213 2909 322 2940 nam
352 2891 572 2953 sapientiae
607 2891 815 2950 gloriam,
851 2893 912 2939 ita
945 2904 993 2938 ut
1024 2892 1159 2939 etiam
1194 2890 1360 2939 oraculi
1390 2887 1596 2952 Delphici
1624 2888 1897 2946 testimonio,

215 2959 323 3008 Deo
349 2972 517 3016 gratus,
556 2958 766 3022 Deusque
792 2960 879 3006 hoc
904 2959 1088 3006 nomine
1112 2959 1163 3005 fit
1189 2959 1452 3007 declaratus,
1503 2957 1638 3017 Crag.
1666 2955 1724 3004 de
1749 2955 1812 3005 R.
1834 2955 1894 3004 L.

214 3045 262 3092 p.
282 3026 389 3075 161.
427 3026 505 3072 ubi
530 3025 634 3073 vide
659 3043 759 3088 quae
780 3027 944 3089 scripsit
970 3027 1058 3073 Vir
1079 3026 1293 3073 eruditus.

286 3095 337 3142 P.
364 3094 469 3154 167.
507 3098 624 3140 Amic
650 3100 688 3158 215
712 3091 875 3141 {vwm'x
896 3094 1002 3155 &c.]
1042 3094 1226 3157 Lycurgi
1249 3093 1370 3151 leges
1392 3091 1448 3138 ab
1471 3093 1678 3139 omnium
1699 3092 1899 3139 Rerum-

219 3163 330 3227 pub.
368 3162 541 3218 legibus
568 3175 689 3207 erant
711 3161 907 3208 diversae.
971 3161 1102 3207 Idem
1128 3163 1305 3207 testatur
1331 3161 1458 3206 Plato
1482 3161 1539 3206 de
1567 3160 1784 3218 Legibus,
1821 3158 1901 3221 qui

216 3230 296 3287 ait,
336 3229 668 3275 Lacedcemonios
702 3225 759 3275 δῖ
796 3229 1031 3290 Cretenses,
1072 3229 1181 3288 leges
1205 3226 1381 3289 posuzffl'
1412 3228 1464 3273 ab
1499 3228 1681 3274 aliorum
1716 3227 1908 3272 moribus*

214 3293 393 3359 prorsas
409 3296 613 3356 diversas.
660 3297 768 3343 Hoc
790 3297 974 3359 quidem
999 3296 1212 3354 singulare
1238 3296 1284 3341 in
1307 3295 1421 3342 hisce
1443 3295 1635 3353 legibuS,
1663 3292 1787 3357 quod
1810 3308 1903 3342 non

220 3363 389 3414 fuerint
424 3363 584 3416 tabulis
616 3365 746 3417 certis
777 3363 948 3434 scriptae
977 3364 1052 3417 seu
1084 3363 1433 3432 comprehensae,
1469 3362 1543 3414 sed
1572 3363 1620 3413 in
1653 3362 1903 3479 mimate?
