2021 3825
649 265 1335 346 NOTAE„
1664 290 1799 358 347

120 410 322 469 vabatur‚
358 408 483 474 quod
507 413 686 459 oraculo
712 413 871 458 moniti
895 412 1085 471 fuerant,
1121 412 1414 475 cupiditatem
1438 415 1640 476 pecuniae
1668 416 1802 478 Spar-

121 490 213 524 tam
250 478 487 541 aliquando
526 479 816 542 perdituram.
868 478 1072 540 Justinus
1107 480 1165 526 de
1200 481 1390 542 Lycurgo
1425 482 1645 544 loquens:
1684 485 1803 529 Auri

125 546 322 609 (inquit)
361 545 419 594 {3⁹
445 550 617 608 argenti
637 545 773 608 usum,
809 546 929 593 velut
955 552 1136 594 omnium
1148 548 1360 610 scelerum
1383 552 1629 608 materiam,
1652 551 1801 611 sustu-

119 614 189 658 lit.
249 613 338 660 Sed
363 615 450 660 hoc
476 628 567 660 tam
599 615 863 677 praeclarum
890 615 1138 662 institutum
1164 616 1379 673 exolevit,
1416 616 1488 662 inv
1480 618 1589 662 ecta
1616 617 1807 681 pecunia

119 698 146 726 a
173 680 385 742 Lysandro
408 682 503 744 post
527 694 674 744 captas
702 683 921 741 AthenaS,
959 697 1007 730 ut
1032 683 1244 730 testatur
1232 699 1280 729 m
1300 680 1401 728 vitei
1426 684 1607 746 Lysand.
1634 689 1676 731 &
1700 685 1804 748 plu·

121 748 246 796 ribus
270 749 365 796 aliis
390 749 502 795 locis
538 749 819 797 Plutarchus

193 816 241 863 P.
266 831 374 878 197.
415 813 657 881 Υπέςχρντως
679 844 745 852 —-
763 815 840 868 πὲς
875 815 1039 884 ἄξῃς]
1088 816 1319 875 Intelligas
1356 816 1435 864 hie
1473 818 1807 876 magistratuum

121 884 325 940 nomine,
363 899 457 929 non
481 882 622 930 modo
649 902 744 942 eos,
777 885 855 948 qui
878 903 984 932 cum
1006 885 1196 948 imperio
1220 884 1454 947 publicum
1477 903 1639 932 munus
1662 885 1808 931 admi-

122 950 376 1009 nistrarunt,
412 962 463 996 ut
489 952 792 1013 Jurisconsulti
830 952 1009 1015 proprie
1045 952 1316 999 vocabulum
1349 954 1585 1029 usurpant3
1622 952 1696 998 sed
1731 969 1808 1010 ge-

123 1018 330 1065 neraliter
353 1018 547 1081 quosvis,
575 1020 652 1082 qui
676 1020 957 1083 Reipublicae
978 1020 1288 1078 gubernationi
1312 1020 1491 1082 aliqua
1480 1037 1526 1066 111
1549 1032 1672 1083 parte
1695 1036 1810 1082 prae-

123 1085 306 1132 fuerunt
345 1085 467 1132 bono
507 1086 706 1149 publico,
752 1087 824 1134 vel
868 1088 1101 1150 publicum
1142 1088 1326 1152 aliquod
1365 1105 1529 1135 munus
1567 1088 1806 1146 gesserunt.

127 1152 253 1200 Vide
280 1154 412 1214 Crag.
439 1153 484 1199 in
508 1154 624 1201 libro
648 1154 804 1217 saepius
829 1156 978 1201 citato.

193 1222 243 1269 P.
264 1225 370 1284 198.
397 1219 590 1286 Εφοξάοις
616 1217 834 1285 δύναμιν]
855 1222 1111 1270 Verisimile
1135 1225 1177 1268 Sc
1195 1222 1356 1269 rationi
1379 1222 1722 1270 consentaneum
1749 1222 1810 1268 est

124 1287 208 1335 hos
234 1288 498 1336 constituisse
522 1290 783 1351 potestatem
805 1290 1107 1353 Ephororum.
1146 1290 1316 1353 Ephori
1341 1291 1462 1336 enirn
1491 1293 1556 1350 (ut
1572 1288 1699 1352 supra
1722 1305 1810 1335 no-

127 1357 318 1404 tavimus
351 1375 399 1420 p.
421 1358 518 1417 24.)
557 1356 776 1404 summam
798 1357 1020 1404 habebant
1047 1359 1341 1420 potestatem;
1377 1357 1434 1403 ad
1458 1358 1542 1404 hos
1567 1356 1590 1404 Ξ
1618 1358 1746 1415 Rege
1772 1360 1814 1402 δε

126 1424 182 1471 ab
207 1425 302 1471 aliis
333 1424 658 1482 magistratibus
681 1438 772 1473 erat
793 1426 1074 1488 provocatio,
1112 1438 1324 1488 erantque
1351 1425 1535 1487 Spartae,
1571 1436 1621 1471 ut
1646 1423 1814 1471 tribuni

126 1492 272 1557 plebis
298 1493 478 1538 Romae.

194 1558 317 1606 Ibid.
356 1569 461 1624 Αξχο
466 1556 548 1613 ὥς
569 1558 753 1625 μεταξὺ]
790 1561 964 1617 Μεπιξὺ
989 1555 1222 1609 &amima
1249 1558 1383 1606 habet
1420 1557 1640 1621 Demosth.

195 1627 246 1675 P.
271 1639 380 1691 199.
418 1622 585 1692 ΕπῆςεἾο
611 1650 675 1674 τον
697 1625 804 1688 ίᾗεέηι]
843 1627 901 1674 Id
923 1627 1041 1689 apud
1068 1644 1225 1674 omnes
1250 1628 1297 1673 in
1320 1627 1515 1673 confesso
1539 1627 1616 1684 est,
1654 1642 1816 1674 oracu-

119 1695 221 1742 lum
251 1695 531 1757 Delphicum
565 1694 812 1757 plurimum
842 1694 899 1741 ad
929 1694 1044 1742 hanc
1071 1694 1402 1742 Nomothefian
1440 1694 1687 1752 contulisse,
1724 1693 1816 1741 five

130 1762 293 1824 Pythia
317 1763 507 1824 Lycurgo
531 1763 784 1826 exposuerit
807 1762 1019 1821 instituta,
1043 1779 1145 1825 quae
1172 1763 1394 1825 Spartanis
1416 1761 1617 1820 tradidit,
1644 1773 1693 1808 ut
1718 1762 1817 1808 sen-

129 1830 220 1877 fisse
250 1829 467 1894 quosdam
495 1829 689 1877 scribunt
715 1831 952 1876 Herodotus
985 1835 1027 1876 &
1051 1831 1238 1878 Strabo:
1275 1829 1362 1877 five
1395 1830 1530 1876 etiam
1562 1829 1820 1879 constitutio

128 1898 221 1956 illa,
262 1914 399 1960 quam
432 1910 585 1944 mente
619 1897 829 1956 agitabat,
874 1898 1055 1945 oraculo
1089 1898 1273 1961 probata
1310 1896 1416 1944 inde
1453 1896 1818 1954 confirmabatur,

128 1970 172 2012 δε
200 1964 560 2012 Lacedaemoniis
593 1965 1013 2024 commendabatur,
1050 1978 1100 2012 ut
1131 1965 1229 2012 vult
1263 1965 1431 2012 Noster
1609 1964 1819 2027 Utraque

128 2033 341 2080 sententia
367 2031 422 2080 eo
451 2034 662 2094 pertinet,
697 2045 748 2079 ut
771 2046 861 2079 tam
889 2033 1066 2091 infignis
1092 2033 1290 2096 Reipub.
1317 2032 1591 2090 constitutio,
1627 2049 1720 2078 non
1744 2032 1820 2078 fu-

129 2101 205 2148 iffe
231 2101 416 2147 humani
438 2101 624 2160 ingenii,
652 2100 726 2148 sed
750 2100 915 2148 divinae
940 2101 1104 2148 mentis
1127 2117 1240 2164 opus
1262 2100 1549 2148 existimetur.
1596 2100 1732 2160 Crag.
1760 2099 1818 2146 de

131 2170 194 2218 R.
222 2170 277 2216 L.
315 2168 391 2215 lib.
413 2185 455 2230 3.
864 2188 866 2190 ·
1832 2228 1833 2231 Ἰ

201 2237 252 2286 Ρ.
276 2252 388 2284 200.
429 2239 563 2287 Αὐτὸς
586 2233 704 2298 ’ἔθηκε
731 2235 884 2297 νόμως]
924 2240 1174 2299 Lycurgum
1204 2236 1252 2282 in
1279 2235 1463 2282 Cretam
1495 2233 1731 2293 navigasse,
1767 2251 1820 2281 ac

132 2305 197 2352 ibi
222 2304 345 2362 leges
371 2303 536 2349 Minois
561 2304 760 2351 didicisse
794 2304 973 2350 tradunt
997 2305 1213 2353 auctores.
1272 2303 1510 2349 Herodotus
1543 2302 1605 2348 ait
1628 2302 1716 2349 hoc
1748 2302 1820 2365 ip-

133 2373 202 2420 sos
228 2370 602 2418 Lacedaemonios
625 2371 770 2430 fateri,
808 2370 912 2417 cum
938 2371 1085 2434 inquit
1256 2373 1378 2419 Αῡπὶ
1401 2365 1723 2433 Λοικεδοαμόνιω
1746 2369 1819 2416 λέ-

133 2461 246 2505 pua-e
271 2443 496 2503 Awaessgw
668 2459 726 2485 cat
749 2437 904 2504 Κξκτης
929 2435 1125 2501 ἀραγέοῧζ
1150 2443 1298 2485 wlffino.
1354 2437 1536 2485 Deinde
1558 2438 1613 2484 ab
1637 2438 1821 2501 AEgyp-

135 2509 209 2556 tiis
234 2507 376 2555 multa
399 2508 533 2553 etiam
558 2507 713 2553 habuit
738 2510 982 2569 Lycurgus.
1033 2507 1106 2553 Sic
1131 2506 1285 2552 Strabo
1310 2507 1488 2553 testatur
1509 2505 1585 2552 lib.
1610 2521 1683 2552 10.
1730 2504 1821 2552 Sed

134 2576 212 2624 δε
200 2593 248 2622 111
275 2575 453 2622 Ioniam
481 2575 685 2621 transiisse
714 2573 876 2631 fertur,
912 2587 961 2621 ut
985 2573 1214 2621 Creticam
1240 2574 1535 2620 austeritatem
1562 2577 1603 2618 &
1628 2573 1822 2619 tenuita-

137 2656 249 2702 tem,
285 2659 391 2689 cum
426 2643 587 2688 lonico
620 2643 730 2688 luxu
765 2646 806 2687 ἅτ
839 2641 1060 2688 affluentia
1090 2653 1388 2704 compararet.
1445 2641 1519 2687 Ibi
1549 2641 1700 2686 naetus
1729 2641 1823 2686 Ho-

137 2715 248 2759 meri
269 2721 497 2774 poemata,
532 2722 583 2755 ut
604 2709 732 2756 sentit
756 2709 1039 2767 Plutarchus,
1078 2709 1125 2754 in
1148 2709 1379 2755 Graeciam
1401 2708 1615 2771 asportata
1638 2706 1823 2765 evulga-

126 2780 222 2829 vit.
269 2777 534 2825 Observavit
558 2778 679 2822 enim
701 2777 748 2822 in
769 2776 824 2822 iis
845 2776 1065 2823 contineri
1086 2792 1178 2822 non
1197 2775 1339 2822 solum
1359 2775 1722 2833 oblectationem,
1747 2774 1825 2822 sed

138 2845 320 2894 civilem
339 2847 386 2892 in
407 2845 562 2907 primis
584 2843 867 2906 prudentiam
887 2849 929 2890 δε
949 2843 1266 2892 eruditionem.
1304 2843 1525 2907 Qamvis
1544 2843 1698 2889 Strabo
1714 2860 1823 2889 auc·

139 2927 211 2962 tor
235 2915 312 2972 est,
348 2913 491 2976 ipsum
519 2912 774 2974 Lycurgum,
807 2911 989 2958 voluisse
1013 2911 1271 2969 nonnullos,
1306 2928 1413 2958 cum
1438 2912 1545 2958 vivo
1570 2911 1752 2957 Homero
1774 2910 1824 2956 iu

142 2982 263 3028 Chio
304 2980 440 3028 insula
487 2979 795 3037 congreffum,
841 2978 1143 3027 consentiente
1189 2980 1325 3027 etiam
1363 2979 1567 3026 Cicerone
1605 2977 1652 3024 in
1694 2976 1822 3040 Tusc.

144 3049 274 3109 Dzjsp.
310 3049 342 3097 1.
364 3064 407 3112 ς.
470 3048 588 3094 Haec
616 3048 817 3106 Cragius.

211 3115 335 3164 Ibid.
372 3113 535 3175 Ανὲιλε]
573 3114 773 3178 Respicit
796 3113 853 3160 ad
871 3130 1048 3161 morem
1072 3130 1249 3173 eorum,
1274 3114 1353 3177 qui
1376 3111 1511 3160 sortes
1533 3128 1590 3158 ex
1610 3129 1722 3160 urna
1744 3128 1827 3160 ex·

142 3183 339 3232 trahunt.
395 3183 549 3244 Virgil
565 3183 679 3231 AEn.
701 3182 746 3231 6.
789 3198 835 3231 v.
856 3196 971 3246 432.
1028 3181 1187 3245 Qaes
1184 3193 1253 3230 tor
1289 3181 1435 3230 Minos
1473 3195 1630 3228 urnam
1664 3190 1819 3227 movet.

215 3317 267 3368 P.
291 3332 404 3369 201.
440 3320 505 3383 Τῇ
527 3316 672 3383 &gx-2⁷33]
712 3318 805 3366 Res
827 3334 909 3382 pro
937 3315 1151 3382 personis.
1194 3318 1254 3366 P.

1635 3448 1690 3498 Ρ.
1712 3464 1826 3501 202.
