2021 3825
210 239 342 332 346
746 233 1351 302 NOTAE.

203 387 390 438 ‘morai-i.
435 385 546 432 Erat
569 382 693 431 enim
713 383 872 442 moris,
901 383 1124 442 gestorum
1148 383 1447 431 narrationem
1471 380 1752 430 audientibus
1776 381 1884 430 ado-

205 452 471 505 lescentibus
505 453 569 500 ibi
607 451 718 499 fieri.
780 452 941 514 Itaque
979 455 1187 511 (notante
1214 450 1412 514 Cragio)
1450 451 1521 497 hae
1555 450 1675 513 quasi
1707 451 1886 498 virtutis

205 535 331 571 erant
357 520 565 578 officinae,
599 518 679 566 ubi
703 521 746 565 &
768 534 932 582 corpus
951 518 1055 585 eibo
1072 532 1373 567 recrearetur:
1399 519 1460 566 ita
1486 522 1527 565 δε
1550 519 1725 564 animus
1741 518 1898 566 virtu«

207 592 265 639 tis
289 589 435 637 studio
462 588 755 635 imbueretur.
814 642 816 646 ι

276 658 327 705 Ρ.
351 672 459 720 ¹90·
495 650 607 702 Οὒδῖ
630 651 713 718 2023
733 650 822 702 -ιῖω-τ)
843 652 982 716 φοινέ]
1020 652 1176 714 Hujus
1198 653 1417 701 rationem
1441 650 1706 700 Plutarchus
1730 652 1790 699 ait
1814 652 1889 700 fu-

206 725 302 783 iffe,
340 736 390 769 ut
414 721 687 769 affuefierent
711 721 759 767 in
783 719 976 767 tenebris
1003 718 1223 782 intrepide
1249 721 1470 769 incedere.
1497 771 1506 778 δ
1531 721 1602 767 Ita
1634 720 1755 767 enim
1783 720 1890 767 scri-

207 793 276 840 bit
299 792 346 838 in
370 790 513 852 Instit.
563 786 715 840 ΠῖονἾες
739 788 774 835 οἱ
797 787 987 838 Λάκωνες
1014 787 1059 835 οἷν
1085 790 1174 838 τοῖς
1198 784 1401 839 cvm-mio&
1424 784 1600 852 poe‘lef'asq
1621 785 1795 837 διφάσια-ιν
1819 785 1887 835 obl-

207 879 277 923 χοι
299 853 542 922 λοιμποῖὣς.
596 861 657 904 Οὒ
681 851 733 917 78
755 853 856 912 ἐ’ξεςτ
883 852 988 907 we&
1017 855 1105 918 φᾶἷς
1129 851 1342 916 βοιδῖζειν,
1377 852 1466 902 o'v're
1490 854 1657 909 Tow'am,
1693 853 1779 901 οὕτε
1805 854 1889 902 ἅλ-

209 942 280 980 λην
304 923 402 979 mv,
438 923 540 975 ὅπως
566 920 783 985 ἐθίζωνται
807 924 959 974 andree
982 920 1057 983 κω)
1081 919 1215 973 vnn-rtis
1240 924 1438 987 εὐ9αξσὲς
1460 921 1533 983 naq*
1559 919 1695 975 &hag
1721 919 1884 976 maim.

279 994 331 1043 P.
354 1006 462 1058 191.
500 989 599 1040 Am*
628 994 787 1056 χειςῶν,
822 991 934 1052 &c.]
970 989 1050 1037 Ad
1073 989 1265 1048 Initum,
1301 989 1358 1036 ad
1386 990 1671 1054 pugillatum,
1707 989 1763 1036 ad
1792 991 1890 1052 jac-

209 1075 311 1111 tum
337 1060 463 1117 disci,
498 1058 683 1107 referto.
729 1060 787 1106 Ρ.

279 1130 458 1191 P.192.
500 1127 590 1174 Τῶν
626 1125 842 1183 &maeleim
879 1123 1052 1192 ἐέςχειν]
1101 1125 1242 1173 Haud
1279 1122 1415 1171 dubie
1462 1125 1635 1188 (inquit
1673 1122 1889 1187 Cragius)

210 1197 310 1245 haec
338 1194 528 1259 potestas
557 1193 770 1240 omnibus
803 1193 1004 1240 conceffa
1031 1193 1134 1251 fuit,
1172 1193 1229 1240 ne
1254 1192 1347 1239 ullo
1378 1193 1426 1238 in
1454 1192 1557 1239 loco
1585 1192 1828 1239 monitores
1854 1198 1896 1238 δε

209 1266 418 1313 ᾱοᾶοτεε
450 1261 699 1324 juventutis
724 1259 937 1320 deessent,
973 1272 1023 1307 ut
1048 1262 1082 1308 ii
1106 1261 1188 1308 hac
1219 1261 1389 1307 ratione
1414 1259 1549 1322 quam
1579 1260 1760 1322 optimis
1792 1275 1894 1306 mo-

211 1333 335 1381 ribus
367 1329 658 1388 affuefierent,
693 1328 866 1392 semper
897 1326 1057 1393 praest&
1087 1329 1319 1387 habenteS,
1355 1344 1549 1393 quorum
1585 1330 1794 1375 timerent
1822 1342 1895 1373 re-

210 1399 567 1465 prehenfionem.

283 1467 403 1515 Ibid.
440 1476 523 1513 Οτι
546 1462 676 1526 οὗτοι]
713 1464 754 1510 Ι.
778 1480 820 1510 e.
855 1464 995 1512 Cives
1020 1463 1170 1525 hujus,
1207 1463 1279 1510 vel
1310 1462 1427 1509 illius
1451 1462 1672 1509 civitatis:
1709 1462 1769 1509 est
1792 1479 1895 1525 per-

213 1535 322 1585 inde
347 1551 397 1581 ac
419 1532 452 1580 fi
473 1532 647 1580 dixisset
670 1532 748 1591 ita,
786 1535 899 1578 cives
922 1533 1151 1593 Spartani,
1187 1531 1263 1577 vel
1280 1533 1475 1576 civitatis
1499 1527 1625 1578 alius.
1674 1533 1729 1577 P.

285 1602 411 1651 Ibid.
447 1596 780 1665 Οὕτωςόίξχειν]
820 1600 859 1645 Ι.
883 1615 924 1646 e.
962 1597 1100 1656 reete,
1136 1596 1387 1654 moderate,
1423 1602 1464 1643 &
1486 1614 1592 1643 cum
1618 1597 1801 1645 virtute.
1838 1598 1896 1646 P.

282 1671 334 1718 Ρ.
353 1684 466 1734 193.
503 1670 573 1715 Τόι
598 1663 876 1730 πεποιημῆιίοι]
911 1667 1017 1715 Scil.
1054 1665 1253 1729 praedam
1277 1665 1542 1712 venaticam.

284 1739 338 1786 P.
367 1749 427 1800 19
436 1752 477 1800 ς.
524 1739 586 1783 ob
627 1731 711 1800 7023
757 1735 941 1787 ἒιθῧτῷι
984 1732 1101 1794 &c.]
1154 1733 1259 1779 Fuit
1302 1731 1483 1795 prorsus
1524 1731 1899 1778 Lacedaemonio-

215 1824 321 1855 rum
365 1802 593 1861 frugalitas
636 1803 754 1849 circa
799 1801 973 1849 cultum
1014 1806 1056 1847 ὃς
1092 1800 1298 1847 vestitum
1339 1800 1550 1847 omnibus
1596 1800 1898 1848 admirationi.

221 1871 374 1937 (Vide
414 1871 636 1919 Nostrum
669 1867 795 1934 supra
832 1887 876 1933 p.
897 1884 981 1934 90,
1019 1873 1061 1915 δε
1095 1869 1235 1931 173.)
1304 1869 1464 1932 Itaque
1508 1866 1671 1915 merit&
1711 1867 1902 1914 Clemens

216 1942 353 1989 Alex.
378 1939 515 1988 refert
534 1953 576 1988 1.
613 1939 771 1984 Strom.
796 1964 865 1973 —-
884 1937 1053 2000 Neque
1084 1953 1291 1999 purpurae
1315 1935 1438 1999 apud
1463 1953 1541 1983 eos
1565 1935 1690 1982 usum
1716 1934 1901 1998 permis-

217 2010 316 2059 sum
339 2008 438 2055 effe.
476 2006 712 2054 Poeticurn
734 2007 883 2069 itaque
909 2005 987 2063 est,
1012 2003 1138 2068 quod
1159 2005 1323 2052 Horat.
1347 2003 1425 2051 lib.
1449 2020 1491 2052 z.
1531 2002 1627 2052 Od.
1649 2006 1724 2052 18.
1760 2002 1899 2051 dicit:

644 2072 736 2119 Nec
763 2073 970 2120 Laconias
992 2070 1102 2118 mihi

354 2142 559 2191 ‘Trahunt
585 2140 771 2203 honestae
789 2151 1007 2202 purpuras
1033 2139 1221 2188 clientae.

221 2210 328 2262 Nifi
351 2210 407 2258 de
430 2209 623 2258 vestibus
644 2208 907 2256 militaribus
929 2207 1214 2266 intelligatur.
1268 2206 1343 2254 De
1364 2205 1528 2271 quibus
1553 2204 1659 2254 vide
1681 2203 1915 2254 Nostrum

220 2277 339 2330 infra
366 2297 410 2342 p.
431 2282 542 2326 208.

291 2348 342 2395 P.
364 2346 474 2410 196.
510 2344 726 2409 Νᾶμισ-,ιωι
749 2343 860 2405 &c.]
898 2343 1007 2391 Erat
1031 2342 1201 2391 ferreus
1222 2342 1296 2390 hie
1319 2358 1533 2389 nummus
1558 2340 1703 2399 gravis
1729 2339 1904 2404 ponde-

223 2432 292 2475 re,
325 2419 367 2462 &
390 2413 512 2461 mole
535 2412 607 2459 sua
631 2429 724 2459 non
752 2413 956 2470 exiguus.
1007 2409 1236 2458 Plutarch.
1260 2411 1308 2458 in
1332 2411 1513 2474 Lycurg.
1543 2410 1621 2466 ait,
1655 2408 1712 2455 ad
1732 2408 1908 2455 vehem.

224 2481 339 2531 dum
362 2493 535 2528 tantum
556 2495 850 2527 nummorum
872 2479 1140 2537 ferreorum,
1176 2489 1394 2542 quantum
1417 2478 1535 2523 valet
1559 2476 1718 2523 decem
1742 2476 1904 2534 minas,

225 2549 393 2615 requiri
417 2547 658 2612 plaustrum
683 2547 878 2593 duorum
901 2545 1058 2593 boum.
1114 2545 1271 2608 Qalis
1296 2556 1444 2590 autem
1471 2544 1604 2590 fuerit
1628 2554 1827 2601 moneta,
1861 2546 1906 2589 &

223 2616 462 2683 quomodo
485 2615 591 2662 cudi
622 2614 763 2673 solita,
798 2614 934 2661 docet
966 2612 1089 2661 idem
1119 2613 1167 2660 in
1193 2613 1375 2677 Lycurg.
1405 2615 1447 2658 δε
1466 2609 1708 2659 dilucidius
1732 2610 1780 2656 in
1804 2608 1906 2657 vitei*

227 2686 411 2751 Lysand.
437 2684 572 2744 Crag.
598 2682 657 2730 de
683 2683 742 2730 R.
762 2683 819 2730 L.
852 2700 900 2745 p.
922 2696 1030 2744 334.

298 2752 422 2801 Ibid.
458 2753 574 2810 Akw.
595 2751 724 2815 μνῦν]
758 2749 877 2797 Suid.
904 2753 946 2795 ἅτ
968 2747 1211 2796 Phavorin.
1241 2748 1384 2806 ἓχριτὶν
1408 2743 1602 2813 ᾢοιχμω)
1624 2747 1768 2793 vongo-a
1798 2749 1907 2810 μνῖιι

227 2821 351 2885 μίαν.
407 2820 529 2867 Plin.
563 2819 632 2866 H.
656 2819 721 2866 N.
758 2818 835 2866 lib.
860 2831 937 2866 21.
973 2829 1208 2864 extremo:
1253 2815 1387 2874 Mna,
1422 2831 1548 2877 quam
1581 2814 1715 2875 nostri
1745 2817 1905 2860 minam

228 2898 403 2947 vocant,
444 2887 602 2948 pendet
634 2885 860 2935 drachmas
890 2885 1066 2932 Atticas
1100 2893 1282 2933 centum.
1344 2882 1471 2932 Vide
1501 2881 1668 2931 Hutch.
1708 2880 1908 2929 indicem

230 2967 288 3004 K.
310 2968 366 3004 A.
401 2954 645 3017 adje&um.

300 3022 422 3072 Ibid.
458 3018 624 3087 ngaz'ov
655 3020 768 3083 &C.]
802 3021 954 3069 Multa
977 3037 1034 3068 ex
1064 3019 1154 3068 hoc
1185 3017 1382 3066 instituto
1418 3016 1577 3080 (verba
1610 3016 1708 3064 sunt
1732 3014 1905 3079 Crag.)

229 3090 525 3155 sequebantur
548 3091 597 3136 in
620 3088 800 3152 Repub.
827 3088 1077 3136 laudabilia.
1134 3086 1261 3148 Qid
1290 3086 1412 3133 enim
1443 3085 1623 3133 sublatis
1653 3085 1832 3148 opibus,
1866 3089 1910 3131 &

231 3159 422 3222 dempto
454 3157 715 3204 divitiarum
743 3155 907 3214 studio,
949 3154 1305 3202 Lacedaemoniis
1339 3153 1580 3217 supererat,
1618 3152 1744 3217 quod
1780 3168 1909 3210 mag·

230 3225 402 3290 nopere
425 3237 675 3288 quaererent
693 3228 735 3271 &
758 3223 1030 3282 affeftarent,
1056 3233 1217 3285 praeter
1232 3221 1477 3270 virtutem?
1513 3222 1650 3268 Hanc
1671 3220 1808 3278 igitur
1824 3236 1909 3267 vo-

232 3294 327 3341 lens
347 3292 593 3352 Legissator
609 3291 633 3340 Ξ
648 3292 733 3339 suis
752 3291 925 3339 civibus
948 3290 1157 3337 omnibus
1178 3288 1275 3335 aliis
1296 3289 1427 3336 rebus
1448 3289 1675 3352 anteponi,
1693 3304 1849 3336 aurum
1868 3289 1913 3334 δε

233 3372 470 3422 argentum
493 3359 519 3410 ἒ
543 3359 726 3425 Repub.
751 3359 932 3409 exulare
955 3357 1089 3421 juffit.
1151 3357 1308 3423 Atque
1338 3356 1428 3408 hoc
1457 3354 1513 3407 εό
1541 3355 1731 3406 severius
1761 3354 1912 3402 obser-

1708 3421 1913 3481 trabatur,
