2021 3825
625 257 1232 328 NOTAE.
1642 281 1769 352 351

98 412 306 463 tiffimfim
334 409 513 476 quando
543 409 716 474 pedites
750 418 903 462 erant3
940 407 1001 454 ita
1025 404 1167 454 Schol.
1192 405 1378 472 Thucyd.
1410 409 1689 457 enumeratio
1720 409 1778 458 ad

103 483 248 530 socios
278 481 413 527 etiam
434 477 682 535 referenda,
718 477 796 539 qui
830 476 978 538 postea
1006 474 1289 523 accesserunt.
1352 476 1477 524 Vide
1507 495 1609 541 quae
1640 479 1779 543 scrip-

103 550 157 598 fit
179 549 313 608 Crag.
340 547 396 594 de
423 547 481 593 R.
498 547 554 592 L.
590 544 668 592 lib.
686 559 731 605 4.
767 543 955 607 Thucyd.
990 543 1071 591 lib.
1092 559 1136 608 5.

164 618 213 664 Ρ.
234 632 347 663 210.
385 609 677 679 Ilgasrtoroa'wq]
714 612 790 659 De
824 610 1127 670 longitudine,
1161 625 1264 674 quae
1297 609 1356 657 est
1385 611 1432 657 in
1463 611 1609 659 fronte
1644 613 1776 674 aciei,

99 683 190 732 hoc
221 683 396 729 dicitur.
453 677 717 745 ngawm'vne
749 679 889 739 enim,
925 679 1014 726 five
1045 679 1200 744 ἡγεμὼν
1231 691 1435 736 vocatur,
1472 682 1551 743 qui
1582 681 1780 744 primam

96 751 146 799 in
178 752 344 809 fronte,
379 748 635 812 caeterisque
659 747 870 811 deinceps
903 746 1032 806 locis,
1067 746 1302 794 stationem
1334 745 1545 797 obtinuit.
1595 749 1778 797 AElian.

97 835 139 867 c.
161 819 207 867 6.

168 884 292 933 Ibid.
333 881 494 948 Στᾶχις]
534 883 730 929 Pertinet
753 882 810 929 ad
833 881 1130 930 altitudinem.
1175 881 1230 928 P.

167 952 289 999 Ibid.
325 949 619 1015 Πκρφφωγιᾴ]
659 953 894 1016 Ποιςοιρωγὴ
918 950 994 1008 est,
1036 949 1141 996 cum
1167 960 1262 995 tota
1284 947 1493 1012 phalanx,
1527 948 1600 997 seu
1631 962 1781 1002 totum

99 1036 280 1078 agmen,
325 1019 512 1078 incedit,
555 1016 735 1082 ejusque
769 1018 905 1065 duces
937 1034 1030 1065 non
1062 1016 1305 1065 secundum
1337 1018 1502 1076 versus,
1537 1018 1611 1066 sed
1642 1020 1779 1081 juga;

101 1088 176 1135 vel
202 1087 224 1134 a
247 1086 414 1134 dextris
438 1085 652 1132 incedunt
686 1089 802 1149 (quae
827 1085 981 1132 dextra
996 1096 1212 1147 paragoge
1236 1085 1416 1144 dicitur)
1445 1085 1518 1132 vel
1541 1084 1564 1133 ἒι
1586 1087 1785 1147 sinistris,

102 1160 144 1201 δε
183 1172 284 1218 quae
319 1154 482 1201 dicitur
508 1153 707 1216 stnlstra.
755 1155 942 1201 Arrian.
977 1171 1026 1217 p.
1045 1154 1127 1203 66.
1175 1152 1344 1202 Hntch.
1382 1154 1429 1200 in
1463 1154 1612 1203 indice
1648 1164 1704 1202 K.
1724 1166 1780 1204 11.

103 1222 294 1270 affecto.
1434 1241 1444 1246 ⁸

157 1240 220 1336 JP.
242 1306 294 1336 21
313 1305 351 1335 1.
390 1286 690 1352 Οπλομρίχοις]
731 1289 917 1336 Βοξὶίίῖ.
940 1287 1104 1335 Hutch.
1130 1288 1177 1335 in
1199 1288 1338 1336 Notis
1361 1288 1418 1336 ad
1441 1298 1495 1337 K.
1516 1299 1570 1337 A.
1603 1307 1646 1353 p.
1668 1291 1780 1340 116.

102 1358 201 1404 haec
244 1357 408 1404 habet:
469 1358 602 1403 “Per
636 1356 913 1419 Zn-Aopwaec'ow
954 1356 1186 1403 Lennclav.
1228 1356 1437 1414 intelligit
1470 1357 1781 1417 gladiatoriam

105 1425 199 1473 scil.
232 1436 369 1471 artem
391 1424 463 1470 vel
488 1441 607 1471 rem:
646 1425 732 1487 quii
756 1425 831 1482 de,
856 1437 906 1470 ut
930 1424 1049 1486 apud
1072 1425 1306 1470 Romanos
1332 1424 1567 1484 celebrata,
1597 1425 1783 1488 copiose

105 1492 284 1553 Lipfins
324 1493 370 1538 in
406 1492 539 1538 Serm.
572 1493 798 1538 Saturnal.
834 1491 1004 1554 Saepius
1040 1504 1190 1538 tamen
1226 1491 1316 1538 dici
1352 1491 1458 1538 solet
1494 1490 1782 1557 μρνομριχὲσιι

105 1562 215 1623 quin
240 1564 280 1605 δε
302 1560 571 1620 μςνομςιχὶας
594 1561 751 1621 ἀγᾷἷνες,
788 1577 838 1606 ac
862 1560 1152 1622 ὅπλομροχιχρὶ
1173 1561 1316 1621 ἀρῶνες
1339 1557 1362 1606 Ξ
1390 1559 1566 1606 Graecis
1590 1561 1783 1609 historiae
1861 1613 1864 1615 Α

105 1627 326 1674 Romanae
347 1627 628 1690 scriptoribus
652 1627 834 1674 subinde
859 1642 1178 1674 memorantur.
1229 1627 1516 1689 Xenophontis
1539 1638 1687 1675 autem
1719 1647 1784 1677 ae-

105 1707 195 1741 tate
221 1691 481 1755 ὁπλομςέχες
506 1695 746 1757 adpellatos
770 1695 913 1753 fuisse,
946 1695 1024 1758 qui
1047 1695 1164 1743 veris
1188 1695 1321 1742 armis
1347 1709 1514 1743 certare
1540 1696 1781 1758 discebant,

107 1775 183 1808 aut
209 1762 318 1808 alios
344 1761 421 1824 ipfi
447 1763 684 1818 docebant,
722 1780 777 1809 ex
801 1762 982 1809 Platone
1011 1764 1057 1809 in
1080 1762 1294 1820 Lachete,
1330 1781 1378 1826 p.
1398 1778 1516 1827 179,
1543 1769 1584 1811 δε
1605 1764 1695 1827 seq.
1732 1783 1783 1813 e-

107 1830 192 1878 dit.
218 1829 365 1891 Steph.
394 1830 604 1888 colligere
627 1831 741 1877 est.'’
780 1831 964 1877 Horum
985 1831 1236 1895 ὁπλομάχων
1259 1830 1336 1879 hic
1358 1833 1565 1878 meminit
1585 1832 1782 1886 Noster:

105 1897 184 1944 ubi
223 1899 428 1958 (notante
449 1896 769 1961 Hntchinsono)
806 1898 852 1944 id
876 1899 1073 1945 nominis
1098 1901 1151 1946 iis
1177 1900 1313 1946 etiam
1337 1899 1567 1958 contigisse
1585 1900 1782 1962 videtur,

106 1964 184 2029 qui
209 1971 392 2021 πικπιφὶ
418 1964 594 2011 Graecis
619 1964 799 2030 proprie
823 1966 1046 2013 dicuntur.

176 2031 296 2079 Ibid.
333 2030 419 2080 Επὶ
445 2033 590 2097 κὲξως]
626 2035 729 2081 Scil.
761 2034 1100 2091 longo-ordine,
1136 2033 1313 2090 angne
1337 2051 1430 2081 non
1453 2034 1699 2099 quadrato:
1735 2036 1785 2084 in

109 2099 326 2164 quadrato
352 2101 472 2146 enim
495 2101 672 2158 agmine
698 2101 790 2148 duo
815 2114 937 2149 erant
962 2117 1127 2148 cornua
1150 2101 1276 2150 aciei.
1323 2106 1379 2151 P.

180 2168 299 2214 Ibid.
337 2179 390 2214 Εν
417 2166 478 2214 725
496 2167 663 2233 πιέτῳ]
703 2170 775 2216 Ita
795 2172 998 2231 instrat't'o
1023 2172 1220 2230 agmine:
1258 2167 1453 2232 πέΓμφπ,
1486 2165 1509 2220 ἒ
1531 2167 1628 2218 &ab
1642 2193 1676 2219 π
1701 2171 1784 2220 de-

111 2234 338 2282 fideratur.
376 2239 430 2282 P.

179 2302 298 2350 Ibid.
337 2302 547 2364 Φοέλοιγξ]
581 2304 780 2351 Sumitur
800 2304 1038 2368 aliquando
1060 2323 1143 2368 pro
1159 2305 1337 2365 agmine
1353 2306 1512 2363 viginti
1537 2308 1640 2353 οξὶο
1663 2307 1786 2355 mili-

112 2383 230 2428 turn,
275 2369 376 2416 alias
400 2371 506 2417 vero
532 2373 634 2418 οξὶο
658 2373 880 2428 millium;
916 2374 988 2420 sed
1009 2374 1203 2436 perftha
1225 2376 1410 2438 φάλαγξ
1433 2375 1655 2422 sexdecim
1679 2375 1787 2422 mil·

111 2438 223 2484 lium
258 2450 560 2485 trecentorum
594 2441 822 2497 octoginta
853 2454 1044 2503 quatuor
1068 2441 1272 2489 virorum
1303 2459 1544 2490 numerum
1576 2442 1787 2506 adaequa-

112 2505 202 2553 bat.
251 2507 378 2552 Varii
404 2507 476 2552 alii
501 2508 676 2553 numeri
701 2507 790 2554 hoc
812 2510 995 2555 nomine
1019 2508 1279 2568 efferuntur,
1312 2509 1436 2574 quod
1459 2528 1551 2558 non
1574 2510 1673 2557 raro
1709 2513 1722 2570 (
1737 2522 1788 2558 ut

112 2573 208 2633 hic)
247 2573 475 2636 usurpatur
495 2591 576 2637 pro
602 2588 698 2621 toto
720 2575 935 2637 peditatu,
968 2581 1007 2623 δε
1030 2578 1275 2635 generatim
1300 2595 1381 2640 pro
1403 2579 1565 2642 quovis
1588 2578 1789 2627 militum

113 2641 304 2700 agmine.
363 2642 486 2688 Vide
514 2642 676 2688 Hutch.
703 2643 900 2690 indicem
927 2655 980 2691 K.
1001 2654 1054 2691 Π.
1083 2646 1325 2706 adjectum.

181 2709 302 2755 Ibid.
337 2706 637 2773 Ποιξέιαπέὲὶι]
678 2711 719 2757 Ι.
743 2728 784 2758 e.
821 2712 1030 2758 finistram
1054 2713 1216 2759 versus.

181 2776 304 2824 Ibid.
341 2775 586 2843 Εξελίἧεῧ]
623 2778 793 2835 Singuli
817 2779 994 2826 ordInes
1021 2779 1305 2839 evolvuntur,
1338 2778 1630 2842 explicantur.
1676 2779 1789 2831 Duo

114 2859 276 2902 genera
297 2846 524 2908 ἐξελιγμῶν
550 2846 694 2891 statuit
718 2846 900 2895 AElian.
925 2850 983 2911 uss>
1004 2848 1116 2912 λόχον
1140 2846 1214 2910 καὶ
1239 2851 1296 2911 ‚63
1321 2845 1469 2912 {vp‘rz
1506 2849 1669 2897 horum
1686 2845 1787 2897 xfin-

113 2909 216 2970 gula
238 2924 325 2960 tres
346 2913 510 2959 habent
535 2925 696 2975 partes,
745 2917 798 2960 P.
1743 2918 1745 2921 ’

186 2979 234 3026 Ρ.
256 2997 364 3027 212.
401 2992 482 3028 Οπ
511 2977 558 3026 ἆῖ
584 2982 600 3027 ὅ
624 2978 776 3045 gistau]
815 2980 936 3028 Solet
957 2980 1206 3042 usuvenire,
1242 2994 1292 3030 ut
1316 2983 1410 3030 dux
1432 2983 1622 3042 agminis
1645 2982 1702 3030 ad
1731 2983 1788 3030 fi·

115 3046 293 3093 nistram
326 3050 420 3110 ejus
452 3061 623 3111 partem
654 3049 720 3095 fit.
778 3049 887 3096 Hoc
920 3050 1122 3096 nonnulli
1150 3051 1496 3099 incommodum
1525 3051 1788 3113 interpreta-

116 3113 292 3162 bantur.
350 3115 574 3179 Xenophon
607 3116 741 3163 docet
772 3133 864 3163 non
895 3117 1036 3164 solsim
1069 3118 1420 3166 incommodum
1450 3134 1541 3164 non
1576 3119 1677 3176 effe,
1714 3117 1791 3167 sed

115 3180 343 3229 interdum
376 3188 417 3228 δε
452 3184 749 3231 commodum
785 3201 877 3231 non
913 3186 1309 3233 contemnendum.
1367 3186 1478 3232 Hoc
1514 3185 1693 3233 fortasse
1728 3188 1791 3234 ita

116 3249 196 3307 ait,
229 3248 355 3312 quod
387 3251 521 3297 duces
546 3253 712 3300 Laced.
741 3252 812 3298 vel
836 3269 907 3299 eas
939 3266 1085 3316 partes
1108 3254 1191 3300 fibi
1217 3252 1528 3318 deposcebant,
1564 3254 1636 3300 vel
1666 3253 1792 3301 cert&

114 3316 346 3364 studebant
369 3318 409 3364 se
434 3335 659 3380 opponere
688 3319 878 3367 ducibus
907 3321 1276 3379 adversariorum,
1310 3320 1389 3385 qui
1417 3320 1627 3370 dextrum
1649 3337 1792 3371 cornu

117 3384 397 3445 affestabant,
431 3385 615 3434 honoris
639 3386 791 3445 gratia.
834 3391 890 3435 P.
967 3411 969 3414 ⁴

1628 3416 1632 3420 ’
1664 3453 1788 3506 Ibid.
