2021 3825
195 271 328 343 342
729 245 1338 314 NOTAE.

260 394 385 444 Ibid.
419 399 486 462 Τῇ
513 393 602 462 ὅςᾳ
629 397 848 462 χξῢνπᾳ.]
884 395 1059 462 Raptfis
1089 414 1351 463 puerorum,
1388 413 1481 462 quo
1513 398 1734 461 Cretenses
1768 411 1869 448 ute·

189 464 370 523 bantur,
404 464 575 513 nullam
609 464 716 511 facit
750 464 1047 523 mentionem,
1082 478 1211 530 puto,
1249 467 1354 529 quia
1386 465 1579 514 instituta
1607 467 1873 529 Cretenfium
1913 460 1922 471 ’

188 532 351 582 eadem
388 531 482 581 fere
523 545 663 590 erant,
710 544 845 595 atque
886 532 1361 582 Lacedaemoniorum.
1433 532 1538 582 Ιιιιό
1574 535 1791 597 Lycurgus
1825 535 1874 582 in

192 602 394 649 Cretam·
415 599 521 647 cum
555 599 758 657 veniffet,
799 598 906 646 inde
942 600 1148 664 Spartam
1182 601 1304 660 leges
1338 601 1601 664 Cretenstum
1637 601 1870 651 transtulit.

191 667 284 720 Sed
308 668 462 714 Strabo
487 684 539 714 ea
558 665 888 726 diligentiffime
912 667 1214 732 persequitur:
1251 670 1330 731 qui
1351 669 1472 717 volet
1501 669 1656 717 locum
1683 670 1873 733 inspice-

190 753 259 796 re,
295 735 414 792 legat
438 734 669 782 decimum
698 733 882 793 librum,
917 735 995 782 ubi
1020 735 1228 782 describit
1252 737 1427 784 Cretam
1455 737 1666 786 Insulam.
1712 739 1767 784 P.

261 801 384 850 Ibid.
423 804 630 865 Ape-ac
655 799 794 867 ψυχνῗν
818 797 990 856 Ποιιδῖς,
1025 804 1133 864 &c.]
1171 803 1400 850 Maximus
1424 804 1580 867 Tyrius
1612 805 1669 852 de
1703 804 1791 851 hoc
1823 819 1876 851 a·

193 888 321 919 more
362 870 528 918 differit
569 872 705 919 Orat.
733 886 808 918 10-
857 869 1051 918 modum
1094 871 1191 932 ejus
1230 871 1493 920 ostendens:
1546 877 1655 937 Εςᾷ,
1702 872 1871 937 inquit,

192 939 458 1004 Σπαξτιοέπις
480 940 577 1004 &vig
598 937 804 1003 μειρφκῖε
822 939 1066 992 Λοικωνικέ,
1097 939 1185 985 ἀλλ’
1200 942 1274 1004 {qq}
1298 939 1413 1002 μόνον
1439 940 1490 990 ὦς
1513 937 1767 1001 ἄρα’λρςςοῖρς
1790 962 1873 998 ιρι-

192 1010 266 1060 ag,
311 1007 342 1053 i.
366 1023 408 1054 e.
447 1007 583 1055 Amat
618 1009 694 1052 vir
729 1007 973 1068 Spartanus
1003 1006 1316 1068 adolescentem,
1348 1006 1435 1068 sed
1464 1018 1583 1053 amat
1619 1006 1790 1055 tantum
1824 1018 1875 1054 ut

187 1072 418 1142 pulchram
432 1074 642 1135 statuam.
702 1073 761 1120 Id
785 1073 862 1132 est,
898 1074 1134 1131 intuendo,
1171 1073 1454 1132 admirandO,
1490 1075 1874 1124 commendando.

187 1140 556 1190 Lacedaemoniis
585 1141 682 1188 talis
706 1157 834 1188 amor
857 1143 902 1188 in
933 1143 1087 1206 primis
1120 1142 1317 1201 usitatus,
1354 1142 1476 1205 isque
1504 1142 1710 1189 honestus
1745 1143 1874 1200 item,

193 1215 237 1256 &
272 1208 557 1272 turpitudinis
590 1209 738 1257 omnis
773 1225 951 1272 expers,
980 1209 1153 1288 quippe
1186 1209 1264 1273 qui
1295 1209 1375 1273 ipfi
1409 1209 1537 1272 probi
1568 1226 1669 1256 non·
1692 1226 1876 1273 corpuS,

193 1277 269 1325 sed
305 1277 506 1324 indolem
537 1278 764 1335 egregiam
789 1281 830 1323 8c
854 1278 993 1324 animi
1026 1279 1364 1336 ingenuitatem,
1402 1277 1589 1340 pudoris
1622 1281 1663 1323 &
1693 1277 1880 1324 honoris

192 1344 499 1402 aemulatione,
533 1345 581 1391 in
609 1344 827 1404 eligendis
856 1346 941 1393 suis
975 1346 1145 1393 amasiis
1176 1345 1478 1408 respiciebant
1546 1344 1671 1408 Qid
1705 1345 1762 1392 de
1791 1344 1876 1391 hac

194 1431 244 1462 re
274 1412 402 1460 senfit
430 1412 713 1472 Plutarchus,
749 1412 902 1459 videre
933 1415 993 1460 est
1025 1415 1072 1460 in
1107 1414 1201 1475 ejus
1230 1415 1450 1476 Lycutgo:
1496 1415 1555 1459 To
1583 1416 1770 1478 ὄινπςᾷν,
1808 1412 1880 1459 in-

195 1493 314 1545 qu1t,
354 1478 433 1529 G'm
459 1477 515 1534 ἦν,
551 1483 657 1528 ἀλλὰ
681 1482 838 1542 Mamor
863 1479 984 1546 ἀξχην
1011 1483 1196 1528 ἔποιὲντο
1220 1481 1365 1543 φιλίως
1394 1477 1497 1532 ωξθς
1524 1481 1718 1530 ἀλλήλους
1742 1480 1778 1527 οἱ
1803 1483 1882 1528 vair

196 1570 334 1596 aaran
359 1549 606 1612 &effodite-25,
642 1571 714 1609 uoq
742 1545 926 1598 δὶετέλὸν
952 1571 1057 1612 ιωινη
1083 1544 1419 1608 σπεδχοίζοντες“
1399 1569 1501 1598 οπως
1525 1546 1664 1606 ἄφιε-ον
1687 1545 1877 1629 ἀπεξγι

198 1619 332 1671 ,σηινῖρ
357 1615 420 1665 τὸν
438 1613 646 1680 ἐρώμενον,
681 1616 711 1664 i.
731 1633 773 1663 e.
810 1616 1036 1667 Rivalium
1059 1615 1279 1662 aemulatio
1301 1631 1382 1661 nen
1407 1625 1522 1673 erat,
1544 1616 1631 1676 sed
1642 1612 1786 1676 potius
1805 1617 1882 1677 qui

193 1684 352 1746 easdem
376 1684 595 1742 amabant,
631 1699 689 1730 ex
722 1699 767 1729 eo
794 1682 1128 1746 auspicabantur
1148 1693 1339 1729 mutuam
1364 1684 1618 1739 amicitiam,
1655 1697 1778 1744 eoque
1806 1686 1881 1729 in-

197 1752 448 1801 cumtebant
471 1753 677 1798 communi
693 1751 853 1814 studio,
890 1762 939 1797 ut
961 1751 1187 1799 redderent
1207 1748 1334 1812 quam
1352 1748 1746 1812 praestantz'fflmum
1768 1765 1880 1808 eum,

195 1835 320 1883 quem
341 1819 592 1880 diltgebant.
649 1819 778 1866 Hinc
804 1819 953 1866 Cicero
982 1830 1126 1876 notat,
1170 1822 1203 1843 “
1221 1818 1588 1880 opprobriofuiffi’
1609 1815 1884 1878 adolescenti·

198 1889 292 1945 bus,
308 1886 359 1949 si
377 1897 590 1934 amatores
609 1903 691 1934 non
714 1885 976 1934 haberent.'’
1026 1888 1087 1934 Et
1109 1884 1234 1950 quod
1255 1885 1390 1933 talem
1415 1885 1649 1932 honestum
1671 1889 1713 1931 δε
1736 1884 1882 1932 incul-

199 1968 355 2018 patum
397 1971 598 2002 amorem
636 1954 781 2005 ‚voluit
817 1954 1128 2012 Virgilius—
1153 1953 1318 2017 (NzJsus
1351 1968 1493 2000 amore
1523 1956 1596 2015 pio
1625 1955 1756 2015 pueri
1780 1951 1880 2014 —)

199 2021 429 2071 manifeste
450 2022 610 2099 probat
631 2022 705 2070 Cl.
723 2022 1054 2070 Warburtonus
1079 2023 1192 2069 Div.
1214 2022 1314 2082 Leg.
1351 2021 1428 2070 lib.
1447 2037 1492 2070 z.
1530 2021 1612 2068 sec.
1629 2037 1674 2082 4.
1712 2020 1791 2067 ubi
1816 2021 1883 2067 ci·

200 2091 341 2141 vilem
362 2091 502 2138 moris
528 2090 706 2152 hujusce
732 2091 951 2137 rationem
976 2090 1140 2138 reddit.
1196 2090 1356 2137 Vide·
1346 2102 1456 2137 ltem
1483 2089 1614 2149 Crag.
1639 2087 1697 2134 de
1723 2088 1782 2134 R.
1800 2088 1858 2136 L.

271 2160 320 2205 P.
344 2162 452 2208 182.
492 2156 580 2220 Koq
613 2161 663 2210 ἐις
692 2155 736 2206 «ιό
766 2161 989 2242 ᾳταφξονὲιν
1005 2158 1114 2220 &c.]
1154 2157 1295 2220 Apud
1324 2158 1537 2204 Stobaeum
1569 2157 1705 2202 habes
1725 2152 1886 2217 —-z0q⁸

200 2229 255 2278 ἐς
281 2230 329 2273 τὸ
351 2229 520 2299 πυφςον
525 2226 749 2292 ἶχυξᾶπξᾶν
764 2228 817 2274 ἒςι
841 2247 908 2276 της
933 2247 1008 2274 των
1032 2228 1197 2289 §naam
1218 2224 1386 2285 φύσεως.
1423 2225 1473 2276 ὡς
1496 2223 1658 2271 ateium
1677 2224 1760 2281 ’γέν
1782 2220 1888 2274 ἧτῗοι
1926 2263 1927 2269 ,
2005 2228 2012 2237 ”

195 2318 240 2357 μ
262 2290 312 2340 Zeu
339 2296 465 2354 φωνην
491 2300 530 2345 ἦν
554 2296 726 2351 Sanga-uf,
761 2315 782 2343 n
807 2315 883 2342 των
906 2296 1000 2342 Aa&
1056 2293 1114 2341 In
1138 2310 1225 2357 qua
1254 2293 1456 2342 leffloms
1489 2292 1738 2340 diversitate
1771 2290 1888 2340 mlhi

195 2359 351 2426 placet
371 2361 640 2424 potiflimum
665 2361 795 2420 illud,
827 2363 896 2413 τῆς
920 2380 958 2409 τ
978 2364 1141 2424 θηλεων
1164 2361 1331 2421 φάσεως.
1387 2361 1514 2410 Nam
1537 2356 1762 2423 sequentia
1784 2374 1885 2406 ree·

201 2428 291 2476 tius
326 2428 401 2475 hic
434 2430 642 2486 leguntur
690 2429 881 2488 (eodem
913 2429 1126 2477 videlicet
1160 2429 1303 2479 modo
1336 2445 1428 2492 quo
1462 2427 1584 2492 apud
1614 2422 1882 2488 Longinum)

200 2513 341 2561 quam
363 2497 483 2560 apud
504 2496 649 2543 illum.
693 2495 840 2558 Steph.

274 2564 395 2612 Ibid.
431 2560 758 2628 Μεπιςφέψαις]
797 2564 873 2611 De
904 2561 1113 2626 scriptura
1147 2563 1279 2626 hujus
1311 2562 1398 2610 loci
1433 2563 1530 2609 haec
1556 2560 1656 2609 Cel.
1678 2562 1888 2609 Pearciu5

199 2630 262 2682 ad
291 2632 473 2692 Longin.
492 2657 560 2666 —-
577 2642 644 2678 Στ
644 2629 801 2697 ςὲψαις
825 2632 885 2678 est
896 2632 1038 2679 1εᾶὶο
1065 2632 1238 2678 Robort.
1267 2635 1309 2677 δε
1334 2631 1562 2679 MStorum
1589 2632 1703 2678 Par.
1728 2629 1884 2676 Ambr.

202 2698 264 2748 Εἴ
288 2701 390 2746 Vat.
411 2716 453 2762 3.
490 2715 582 2746 non
606 2654 914 2763 μεταςρὲψοὸς,
949 2715 1051 2763 quae
1081 2697 1218 2746 hodie
1247 2698 1410 2756 legitur
1437 2702 1478 2744 δε
1502 2696 1621 2774 apud
1647 2697 1886 2757 Longinum

203 2772 249 2814 δε
283 2767 401 2831 apud
436 2766 779 2830 Xenophontem.-
823 2767 937 2814 hanc
973 2783 1154 2825 vocem,
1194 2768 1373 2829 opinor,
1411 2767 1602 2813 mutavit
1635 2764 1886 2822 Manutius,

205 2846 258 2881 ut
280 2850 331 2885 ea
346 2834 539 2893 vulgatae
559 2833 845 2897 Xenophontis
867 2834 1049 2882 leffioni
1068 2834 1358 2882 conveniret:
1395 2833 1470 2880 sed
1491 2832 1714 2880 Stobaeus
1703 2848 1750 2878 m
1769 2831 1886 2879 Exc.

207 2902 354 2950 Serm.
371 2918 452 2964 42.
490 2902 578 2949 hoc
601 2902 741 2949 citans
765 2902 900 2951 habet
924 2899 1176 2967 φεψάντων,
1213 2905 1271 2959 δε,
1308 2914 1359 2951 ut
1380 2901 1493 2978 dixi,
1531 2899 1639 2946 MS1
1660 2897 1754 2946 fere
1782 2914 1886 2945 om-

203 2986 286 3017 nes
317 2985 410 3033 prae
442 2969 485 3017 se
516 2969 665 3016 ferunt
696 2969 889 3032 ςρέψοας,
932 2969 1058 3033 quod
1087 2969 1286 3027 sanioriS,
1325 2969 1503 3033 opinor,
1539 2967 1601 3014 est
1630 2966 1801 3014 sensus:
1845 2969 1890 3012 δε

203 3056 318 3103 μετα
350 3036 459 3084 addi
488 3036 665 3084 videtur
696 3037 799 3083 voci
832 3035 1009 3101 ςφὲψοας
1041 3054 1098 3085 ex
1130 3037 1363 3100 postremis
1395 3034 1570 3098 syllabis
1602 3055 1726 3096 μριπι
1764 3033 1890 3080 vocis

205 3104 516 3169 praecedentis.
586 3104 772 3151 Reaius
813 3118 965 3152 tamen
1005 3104 1249 3153 secundum
1290 3102 1548 3168 Stephanum
1591 3098 1891 3167 μετοιςρέψοκς

204 3172 507 3235 compositum
528 3190 664 3237 quam
687 3169 866 3236 ςρέψρως
890 3172 1075 3234 simplex
1103 3171 1181 3218 hic
1205 3171 1384 3229 legitur.
1444 3170 1571 3217 Nam
1596 3169 1651 3217 ab
1674 3169 1754 3216 illo
1792 3168 1889 3228 (in-

204 3240 322 3303 quit)
367 3239 643 3304 ἀμεπιςρεππ
682 3243 789 3303 (pro
818 3256 910 3304 quo
937 3240 1151 3285 Horatius
1175 3237 1330 3285 dixisse
1354 3238 1532 3285 videtur
1560 3237 1673 3284 oculo
1699 3239 1888 3284 irretor

204 3307 283 3372 ΞΜ)
319 3308 488 3361 factum
511 3307 596 3365 efl‘e
619 3308 800 3369 scimus,
859 3307 948 3355 Sed
973 3307 1077 3363 ferri
1100 3306 1243 3376 potest
1264 3319 1451 3377 utraque
1474 3304 1623 3356 leffio.

1762 3432 1887 3489 Ibid.,
