2021 3825
667 268 1274 342 NoTAE.
1679 292 1803 359 341

76 481 81 487 ι
142 435 240 473 tuto
262 423 442 472 scribit:
468 446 537 460 -··
552 421 590 470 οἵ
613 419 774 473 παῖᾶἳς
795 421 1048 487 miae-ivd?
1071 418 1297 484 ξαινόμενοι
1317 415 1465 483 admit
1489 418 1544 466 A?
1555 418 1648 473 ἴλης
1671 420 1740 472 τῆς
1764 417 1812 469 ιῖ-

137 492 274 557 μέρφς
298 489 365 540 3⁷12
386 495 458 540 τοῦ
477 484 633 556 βωμοιΓ
650 485 805 554 Οξθίαις
831 485 1072 555 Αςτέμιδὶς,
1107 490 1250 552 μέχρι
1276 488 1452 546 9τινοίτου
1478 489 1673 537 munim
1698 483 1813 550 212--

137 565 385 626 χςιςτεξοῧστ,
419 559 553 624 indeo}
585 554 660 617 κα.)
684 561 843 621 γιῧςοι,
878 561 963 605 &C.
1023 555 1166 615 Quod
1197 555 1319 603 idem
1347 556 1522 602 Austor
1550 556 1597 602 in
1620 555 1819 618 Lycurga

138 627 199 673 ait
222 628 264 674 se
297 628 374 674 suo
401 638 604 688 tempore
631 624 918 686 conspexiffe.
976 623 1201 672 Describit
1230 624 1344 670 hanc
1374 622 1736 680 flagellationem,
1771 625 1816 668 δε

134 711 383 756 vpuerorum
407 691 683 741 tolerantiam
709 691 842 737 etiam
870 692 1032 750 Cicero
1057 691 1104 737 in
1127 691 1247 752 Tusc.
1271 689 1398 752 Disp.
1437 690 1512 737 lib.
1534 707 1578 737 2.
1616 690 1811 752 Spartae,

138 761 302 825 inquit,
331 763 460 822 pueri
490 758 551 804 ad
577 775 702 805 aram
718 759 788 821 stc
813 759 1059 805 verberibus
1085 761 1372 821 accipiuntur,
1409 767 1457 803 ut
1489 757 1645 803 multus
1670 756 1693 802 ἒ
1715 755 1812 817 uzs-

139 830 304 876 ceribus
319 827 500 890 sanguis
524 837 682 874 exeat:
719 842 1014 888 nonnunquam
1044 829 1192 883 etiam,
1227 837 1276 874 ut
1300 822 1392 871 cum
1417 826 1478 871 ihi
1511 824 1628 885 effem
1663 823 1813 870 nudie—

137 897 252 953 bam,
280 896 342 941 ad
357 910 497 942 necem
511 913 528 941 .·
563 909 739 957 quorum
762 910 843 941 non
867 892 978 940 modo
1001 909 1117 940 nemo
1141 893 1404 940 exclamavit
1427 908 1627 953 unquam,
1651 889 1736 952 sed
1753 888 1810 938 nb

137 965 345 1023 ingemuit
367 962 547 1025 quidem.
606 960 740 1008 Idem
773 962 949 1008 testatur
972 962 1019 1007 in
1044 960 1130 1007 alio
1162 960 1266 1007 loco
1436 961 1574 1006 Pueri
1613 958 1810 1021 (inquit)

139 1031 384 1091 Spartiatae
415 1046 497 1077 non
528 1028 806 1090 ingemiscunt
828 1028 1056 1075 verberum
1088 1027 1225 1075 dolore
1247 1028 1422 1075 laniati.
1481 1026 1694 1090 Respexit
1720 1026 1812 1073 huc

132 1097 275 1144 etiam
301 1098 480 1144 Plautus
509 1095 556 1144 in
582 1095 799 1157 Captivis,
835 1096 912 1143 ubi
943 1095 1170 1159 parafitos,
1209 1096 1397 1143 Laconas
1415 1093 1705 1157 plegipott'dns
1729 1110 1811 1140 vo-

136 1177 224 1212 cat.
279 1165 350 1212 Ita
379 1165 502 1212 enim
533 1162 597 1210 ibi
619 1163 843 1229 Ergasilus
873 1163 932 1212 de
964 1174 1228 1227 contemptu
1258 1163 1546 1226 parasitorum
1579 1161 1701 1225 apud.
1725 1161 1810 1224 Ju-

140 1249 272 1279 venes
297 1233 386 1279 ait:
409 1260 478 1268 —
604 1252 607 1253 ⁷

271 1299 410 1346 Nihil
426 1309 649 1346 morantur
659 1300 759 1363 jam
782 1298 970 1346 Laconas
993 1301 1072 1347 imi
1082 1297 1277 1361 subsellii
1298 1303 1432 1357 viros,

211 1384 220 1388 “
271 1367 591 1428 Plagipatidas,
627 1366 890 1429 quibussunt
912 1368 1045 1414 verba
1054 1366 1154 1430 fine
1170 1378 1284 1430 penu
1308 1363 1366 1414 ἅθ’
1382 1364 1586 1429 pecunib'.

1465 1433 1570 1479 A&
1593 1448 1635 1494 3.
1674 1431 1744 1478 S'c.
1766 1444 1807 1480 Ι,

136 1502 272 1548 Hanc
295 1518 538 1565 puerorum
559 1502 817 1564 patientiam
835 1500 1053 1549 inteflexit
1070 1501 1204 1548 etiam
1223 1502 1383 1549 Horat.
1410 1500 1440 1548 l.
1461 1516 1501 1548 ι.
1539 1499 1633 1546 Od.
1648 1514 1691 1561 7.
1731 1499 1810 1544 Me

135 1585 212 1615 nec
242 1581 332 1615 tnm
355 1573 527 1632 patiens
551 1569 842 1619 Lacedaemon.
870 1569 1037 1616 Seneca
1061 1569 1209 1616 reddit
1233 1569 1450 1616 rationem
1480 1568 1609 1628 hujus
1638 1566 1810 1613 institu-

133 1637 186 1695 ti,
222 1641 263 1684 δε
283 1637 459 1685 videtur
479 1638 566 1683 hoc
588 1637 751 1684 referre
776 1637 831 1683 ad
854 1636 1016 1683 indolis
1036 1637 1410 1700 experimentum.
1457 1634 1678 1696 Numquid
1711 1633 1810 1692 (in-..-

136 1705 259 1766 quit)
300 1716 348 1750 tu
372 1705 529 1764 invisos
551 1705 630 1765 eſje
652 1704 982 1750 Lacedaemoniis
1002 1704 1152 1751 liberos
1158 1705 1263 1763 suos
1288 1704 1439 1761 credis,
1474 1718 1648 1765 quorum
1679 1711 1809 1763 expe·

79 1785 91 1801 ’“
136 1774 318 1818 riantur
338 1773 514 1820 indolem
530 1771 697 1834 publice
719 1772 966 1818 verberibus
995 1773 1171 1818 admotis
1187 1778 1214 1820 ἕ)
1265 1771 1351 1834 Ipsi
1370 1771 1461 1817 illos
1477 1781 1625 1831 patres
1650 1767 1808 1815 adhor-

137 1849 311 1897 tantur,
348 1850 396 1885 ut
420 1842 528 1886 ittus
543 1839 817 1900 flagellorum
837 1836 1037 1900 sortiter
1051 1841 1301 1903 perferant,
1339 1835 1394 1886 Εἴ
1417 1838 1575 1884 laceros
1600 1836 1657 1884 ἐξ
1673 1838 1809 1897 semi-

135 1909 296 1952 animos
327 1917 497 1967 rogant,
527 1907 801 1968 perseverent
834 1907 1016 1953 vulnera
1042 1908 1244 1969 praebere
1270 1906 1532 1952 vulneribus.
1586 1904 1727 1967 Apud
1760 1921 1808 1950 a·

133 1974 219 2020 lios
244 1988 392 2020 tamen
426 1974 514 2020 hoc
540 1974 786 2022 institutum
815 1975 874 2022 est
899 1975 1132 2022 calumniis
1159 1974 1422 2022 obnoxium.
1476 1972 1600 2020 Vide
1627 1973 1682 2020 fis
1704 1987 1810 2037 quae

132 2042 342 2099 congeffit
369 2042 503 2102 Crng.
532 2040 588 2088 de
615 2043 671 2089 R.
693 2043 749 2090 L.
780 2060 824 2105 p.
845 2059 954 2105 330.

205 2110 255 2156 P.
294 2125 398 2172 177.
435 2111 517 2160 Τῆς
551 2107 676 2171 ἴλης]
721 2119 812 2163 Dm,
849 2110 1027 2172 τάγμθι,
1069 2113 1237 2165 maffia,
1278 2110 1359 2168 ala,
1403 2121 1549 2156 turma
1579 2108 1646 2171 64
1680 2107 1807 2172 equi-

133 2188 259 2223 tum:
294 2178 386 2239 jam
411 2177 597 2223 ordinem
622 2177 846 2235 fignificat.
891 2180 949 2226 P.

201 2245 250 2290 P.
271 2248 381 2307 178.
417 2246 591 2292 Λεκτέον
616 2242 748 2306 δᾚμρι
773 2245 899 2306 &c.]·
919 2245 1073 2292 Sensus
1100 2244 1229 2306 hujus
1254 2245 1342 2291 Ioci
1369 2245 1455 2292 est:
1493 2260 1667 2290 amores
1693 2259 1806 2306 pue-

133 2328 286 2358 rorum
312 2328 403 2358 non
428 2324 579 2374 turpes
602 2316 644 2359 δε
669 2312 899 2359 obscoenos
925 2313 1009 2360 effe
1033 2312 1193 2369 voluit,
1229 2312 1304 2359 sed
1332 2313 1487 2370 castos,
1523 2326 1654 2375 atque
1683 2312 1806 2358 sanc-

133 2391 204 2425 tos
219 2398 232 2433 3
269 2378 328 2424 ita
353 2390 402 2425 ut
426 2377 609 2426 damnet
631 2378 857 2441 Xenophon
879 2380 1065 2427 aliarum
1089 2379 1318 2427 civitatum
1346 2397 1512 2437 moreS,
1548 2378 1664 2441 apud
1697 2395 1807 2442 quas

130 2462 259 2493 amor
282 2446 328 2492 in
351 2463 512 2509 pueros
536 2464 628 2493 non
654 2447 714 2493 ita
738 2446 897 2506 sancie,
935 2452 975 2494 &
997 2446 1108 2493 caste
1140 2449 1377 2495 coleretur.
1434 2447 1633 2495 Permisit
1656 2447 1806 2510 itaque

133 2514 368 2577 Lycurgus,
404 2527 454 2560 ut
481 2513 512 2559 fi
539 2516 637 2578 quis
668 2515 794 2577 pueri
825 2517 1024 2562 animum
1056 2514 1315 2573 admiratUS,
1351 2528 1534 2579 cuperet
1565 2516 1605 2561 se
1632 2515 1679 2560 in
1709 2517 1807 2576 ejus

131 2582 374 2628 amicitiam
405 2581 638 2640 infinuare,
674 2582 762 2629 hoc
794 2583 835 2629 ei
861 2584 1006 2631 facere
1031 2583 1198 2631 liceret.
1255 2581 1394 2643 Quod
1420 2583 1451 2629 fi
1477 2582 1597 2640 esset,
1635 2581 1712 2644 qui
1737 2581 1805 2628 ul-

130 2649 313 2695 tra-istas
337 2660 476 2695 metas
501 2650 636 2696 vellet
660 2651 869 2712 progredi
884 2672 898 2706 3
936 2651 1056 2698 hunc
1077 2649 1205 2709 vero,
1242 2664 1291 2697 ut
1315 2650 1552 2708 nefarium,
1589 2653 1629 2695 &
1654 2649 1806 2696 sceles-

130 2727 246 2773 tum,
277 2720 317 2761 δε
342 2716 645 2763 detestandum
668 2717 820 2764 haberi
840 2718 971 2780 juffit.
1019 2718 1139 2764 Haec‘
1158 2730 1304 2769 autem
1330 2730 1421 2767 tota
1441 2716 1676 2780 disputatio
1694 2717 1805 2764 Pla-

129 2787 271 2830 tonica
305 2784 381 2841 est,
420 2788 460 2831 δε
484 2785 721 2831 Socratica.
776 2785 900 2832 Plato
939 2784 1060 2832 enim
1095 2785 1245 2848 paffim
1281 2802 1338 2832 ex
1368 2784 1560 2830 Socratis
1595 2783 1806 2831 sententia

129 2850 419 2898 commendat
441 2855 482 2897 δε
503 2851 696 2898 celebrat
719 2851 839 2898 hunc
863 2869 1093 2900 amorem:
1129 2853 1176 2899 in
1201 2852 1356 2916 primis
1376 2853 1422 2899 in
1441 2852 1599 2900 Phaed.
1627 2852 1674 2898 in
1692 2853 1802 2898 Con-

131 2921 225 2966 viv.
252 2920 359 2964 &in
384 2919 505 2966 libris
531 2919 589 2966 de
616 2919 776 2980 Repub.
827 2923 882 2968 P.
939 2919 1096 2966 Addas
1129 2920 1264 2967 etiam
1295 2937 1396 2984 quae
1426 2920 1598 2967 notavit
1627 2919 1803 2969 doctiss.

129 2985 348 3045 Forsterus
370 2987 426 3032 ad
447 2987 620 3035 Platon.
648 2987 823 3047 Dialog.
851 3005 896 3050 p.
917 3002 1029 3050 317.
1078 2986 1154 3034 De
1180 2988 1350 3036 Graeco
1371 2988 1457 3035 hoc
1482 3003 1642 3051 pueros
1668 2987 1804 3047 assec-

128 3051 252 3099 tandi
273 3070 416 3109 more,
444 3071 579 3116 quem
605 3055 795 3101 Athenis
819 3056 896 3102 {ub
918 3055 1095 3102 honesta
1119 3056 1325 3102 amicitiae
1347 3055 1488 3119 specie
1510 3055 1660 3102 liberis
1685 3054 1804 3114 dun-

129 3132 249 3165 taxat
272 3119 528 3168 hominibus
560 3122 834 3170 concedebat
856 3122 993 3180 Solon,
1031 3124 1217 3186 quique,
1253 3140 1346 3171 non
1372 3122 1641 3169 obstantibus
1669 3121 1804 3185 ipfius

123 3184 318 3245 legibus,
349 3188 643 3249 impurissimis
667 3207 989 3253 nonnunquam
1013 3191 1291 3238 occasionem
1317 3189 1670 3248 dabanflagitiis,
1695 3188 1802 3237 vide

129 3253 343 3312 Petitum‚
385 3255 483 3314 Leg.
505 3257 642 3304 Attic.
671 3258 748 3305 lib.
767 3260 812 3306 6.
849 3263 887 3304 &
913 3257 1180 3318 Archaeolog.
1205 3260 1353 3306 Graec.
1379 3256 1456 3304 lib.
1475 3274 1519 3318 4.
1557 3273 1598 3305 c.
1616 3274 1663 3321 9.

196 3320 316 3373 Ibid.
352 3323 584 3387 Ομιλέσιν]
616 3322 714 3377 Hic
739 3326 922 3375 honesto
947 3326 1088 3376 verbo
1113 3342 1183 3373 res
1209 3325 1350 3389 turpis
1374 3323 1610 3376 indicatur.

1657 3458 1797 3515 ‚Ibid.
